0.58,0.06,0.94,0.42,1770422403037,1.4695
0.87,0.06,0.94,0.42,1770422411237,1.4692
0.87,0.06,0.94,0.13,1770422411478,1.4687
0.87,0.08,0.94,0.17,1770422434919,1.465
0.83,0.08,0.92,0.17,1770422434946,1.465
0.58,0.08,0.92,0.17,1770422435380,1.4634
0.58,0.08,0.92,0.42,1770422435381,1.4634
0.83,0.08,0.92,0.42,1770422435424,1.4634
0.83,0.08,0.92,0.17,1770422435541,1.4634
0.58,0.08,0.92,0.17,1770422435558,1.4634
0.58,0.08,0.92,0.42,1770422435572,1.4634
0.78,0.08,0.92,0.42,1770422435610,1.4634
0.78,0.08,0.92,0.22,1770422435611,1.4634
0.58,0.08,0.92,0.22,1770422435681,1.4634
0.58,0.1,0.92,0.42,1770422435702,1.4634
0.79,0.1,0.9,0.42,1770422435755,1.4634
0.58,0.1,0.9,0.21,1770422435894,1.4634
0.58,0.1,0.9,0.42,1770422435921,1.4634
0.8,0.1,0.9,0.42,1770422435946,1.4634
0.58,0.1,0.9,0.2,1770422436562,1.4633
0.81,0.1,0.9,0.42,1770422436743,1.4633
0.58,0.1,0.9,0.19,1770422437168,1.4633
0.81,0.1,0.9,0.42,1770422437519,1.4636
0.58,0.1,0.9,0.19,1770422437732,1.4636
0.82,0.1,0.9,0.42,1770422437780,1.4636
0.82,0.05,0.9,0.18,1770422440298,1.4626
0.82,0.05,0.95,0.18,1770422440325,1.4626
0.82,0.11,0.95,0.18,1770422440326,1.4626
0.82,0.11,0.89,0.18,1770422440532,1.4626
0.58,0.11,0.89,0.18,1770422440767,1.4626
0.58,0.11,0.89,0.42,1770422440826,1.4626
0.75,0.11,0.89,0.42,1770422440882,1.4626
0.75,0.14,0.89,0.25,1770422440979,1.4626
0.75,0.11,0.86,0.25,1770422441016,1.4626
0.75,0.17,0.89,0.25,1770422441060,1.4626
0.58,0.17,0.83,0.25,1770422441249,1.4626
0.75,0.17,0.83,0.42,1770422441303,1.4605
0.75,0.17,0.83,0.25,1770422441710,1.4605
0.58,0.17,0.83,0.25,1770422442401,1.4605
0.76,0.17,0.83,0.42,1770422442469,1.4605
0.76,0.05,0.83,0.24,1770422442508,1.4605
0.76,0.18,0.95,0.24,1770422442536,1.4605
0.76,0.18,0.82,0.24,1770422442545,1.4605
0.58,0.18,0.82,0.24,1770422442589,1.4605
0.76,0.18,0.82,0.42,1770422442678,1.4605
0.76,0.18,0.82,0.24,1770422442689,1.4605
0.58,0.18,0.82,0.24,1770422443388,1.4608
0.73,0.18,0.82,0.42,1770422443435,1.4608
0.73,0.18,0.82,0.27,1770422443449,1.4608
0.73,0.19,0.82,0.27,1770422443494,1.4608
0.73,0.19,0.81,0.27,1770422443728,1.4608
0.73,0.05,0.81,0.27,1770422444494,1.4586
0.58,0.05,0.95,0.27,1770422444498,1.4586
0.68,0.05,0.95,0.42,1770422444670,1.4586
0.68,0.2,0.95,0.32,1770422444740,1.4586
0.68,0.2,0.8,0.32,1770422444741,1.4586
0.58,0.2,0.8,0.32,1770422444942,1.4586
0.69,0.2,0.8,0.42,1770422445090,1.4586
0.58,0.2,0.8,0.31,1770422445760,1.458
0.58,0.2,0.8,0.42,1770422445761,1.458
0.7,0.2,0.8,0.42,1770422445853,1.458
0.58,0.2,0.8,0.3,1770422446936,1.4587
0.71,0.2,0.8,0.42,1770422446977,1.4587
0.58,0.2,0.8,0.29,1770422447084,1.4587
0.72,0.2,0.8,0.42,1770422447412,1.459
0.58,0.2,0.8,0.28,1770422447468,1.459
0.72,0.2,0.8,0.42,1770422447517,1.459
0.58,0.2,0.8,0.28,1770422447677,1.459
0.58,0.05,0.8,0.42,1770422447696,1.459
0.58,0.21,0.95,0.42,1770422447725,1.459
0.73,0.21,0.79,0.42,1770422447780,1.459
0.73,0.21,0.79,0.27,1770422448068,1.459
0.73,0.05,0.79,0.27,1770422448978,1.4599
0.73,0.05,0.95,0.27,1770422449014,1.4599
0.73,0.06,0.95,0.27,1770422449054,1.4599
0.73,0.16,0.94,0.27,1770422449156,1.4599
0.73,0.06,0.84,0.27,1770422450040,1.4596
0.73,0.19,0.94,0.27,1770422450107,1.4596
0.73,0.19,0.81,0.27,1770422450142,1.4596
0.58,0.19,0.81,0.27,1770422456513,1.4616
0.58,0.05,0.81,0.42,1770422456516,1.4616
0.58,0.2,0.95,0.42,1770422456547,1.4616
0.58,0.2,0.8,0.42,1770422456548,1.4616
0.74,0.2,0.8,0.42,1770422456566,1.4616
0.74,0.2,0.8,0.26,1770422456610,1.4616
0.74,0.05,0.8,0.26,1770422457737,1.4619
0.74,0.16,0.95,0.26,1770422457872,1.4619
0.74,0.16,0.84,0.26,1770422457873,1.4619
0.74,0.05,0.84,0.26,1770422459133,1.4613
0.74,0.17,0.95,0.26,1770422459259,1.4613
0.74,0.05,0.83,0.26,1770422459740,1.4609
0.74,0.18,0.95,0.26,1770422459810,1.4609
0.58,0.18,0.82,0.26,1770422468216,1.4595
0.58,0.05,0.82,0.42,1770422468217,1.4595
0.58,0.19,0.95,0.42,1770422468244,1.4595
0.58,0.19,0.81,0.42,1770422468245,1.4595
0.69,0.19,0.81,0.42,1770422468362,1.4591
0.69,0.19,0.81,0.31,1770422468458,1.4591
0.69,0.2,0.81,0.31,1770422468628,1.4591
0.69,0.2,0.8,0.31,1770422469711,1.4589
0.69,0.05,0.8,0.31,1770422471696,1.4587
0.69,0.21,0.95,0.31,1770422471771,1.4587
0.69,0.05,0.79,0.31,1770422472159,1.4587
0.69,0.22,0.95,0.31,1770422472303,1.4582
0.69,0.05,0.78,0.31,1770422472392,1.4582
0.69,0.23,0.95,0.31,1770422472703,1.4582
0.69,0.05,0.77,0.31,1770422472810,1.4582
0.58,0.05,0.95,0.31,1770422473061,1.4582
0.58,0.24,0.95,0.42,1770422473064,1.4582
0.68,0.24,0.76,0.42,1770422473107,1.4582
0.68,0.05,0.76,0.32,1770422475323,1.4571
0.68,0.05,0.95,0.32,1770422475351,1.4571
0.68,0.24,0.95,0.32,1770422475534,1.4571
0.68,0.24,0.76,0.32,1770422476732,1.4567
0.68,0.05,0.76,0.32,1770422480564,1.4568
0.68,0.05,0.95,0.32,1770422480591,1.4568
0.68,0.06,0.95,0.32,1770422480592,1.4568
0.58,0.06,0.94,0.32,1770422480711,1.4568
0.58,0.25,0.94,0.42,1770422480718,1.4568
0.64,0.25,0.75,0.42,1770422480823,1.4568
0.64,0.25,0.75,0.36,1770422480824,1.4568
0.58,0.25,0.75,0.36,1770422480992,1.4568
0.64,0.25,0.75,0.42,1770422481056,1.4568
0.64,0.06,0.75,0.36,1770422481539,1.4566
0.64,0.25,0.94,0.36,1770422481579,1.4566
0.64,0.06,0.75,0.36,1770422481619,1.4566
0.64,0.26,0.94,0.36,1770422481699,1.4566
0.64,0.26,0.74,0.36,1770422481726,1.4566
0.64,0.05,0.74,0.36,1770422482149,1.4566
0.64,0.27,0.95,0.36,1770422482243,1.4566
0.64,0.05,0.73,0.36,1770422482485,1.4557
0.64,0.28,0.95,0.36,1770422482576,1.4557
0.64,0.28,0.72,0.36,1770422484057,1.455
0.58,0.28,0.72,0.36,1770422485347,1.4563
0.58,0.05,0.72,0.42,1770422485394,1.4563
0.65,0.05,0.95,0.42,1770422485398,1.4563
0.65,0.29,0.95,0.35,1770422485419,1.4563
0.58,0.29,0.71,0.35,1770422485478,1.4563
0.58,0.29,0.71,0.42,1770422485492,1.4563
0.66,0.29,0.71,0.42,1770422485548,1.4563
0.66,0.29,0.71,0.34,1770422485771,1.4563
0.58,0.29,0.71,0.34,1770422486296,1.4575
0.58,0.29,0.71,0.42,1770422486303,1.4575
0.67,0.29,0.71,0.42,1770422486360,1.4575
0.67,0.29,0.71,0.33,1770422486402,1.4575
0.67,0.24,0.71,0.33,1770422486709,1.4575
0.58,0.24,0.76,0.33,1770422486713,1.4575
0.67,0.24,0.76,0.42,1770422486878,1.4575
0.58,0.24,0.76,0.33,1770422488659,1.4581
0.67,0.24,0.76,0.42,1770422488933,1.4581
0.67,0.05,0.76,0.33,1770422490380,1.4572
0.67,0.25,0.95,0.33,1770422490518,1.4572
0.67,0.05,0.75,0.33,1770422492586,1.4564
0.67,0.25,0.95,0.33,1770422492835,1.4564
0.67,0.05,0.75,0.33,1770422493386,1.4561
0.58,0.05,0.95,0.33,1770422493395,1.4561
0.58,0.06,0.95,0.42,1770422493422,1.4561
0.62,0.06,0.94,0.42,1770422493712,1.4561
0.62,0.27,0.94,0.38,1770422493857,1.4561
0.62,0.06,0.73,0.38,1770422494261,1.4561
0.62,0.28,0.94,0.38,1770422494322,1.4555
0.62,0.28,0.72,0.38,1770422494708,1.4555
0.62,0.05,0.72,0.38,1770422494944,1.4555
0.62,0.06,0.95,0.38,1770422494969,1.4555
0.62,0.29,0.94,0.38,1770422494992,1.4555
0.62,0.06,0.71,0.38,1770422495358,1.4541
0.62,0.29,0.94,0.38,1770422495396,1.4541
0.62,0.29,0.71,0.38,1770422496207,1.4541
0.62,0.05,0.71,0.38,1770422496619,1.4546
0.62,0.06,0.95,0.38,1770422496651,1.4546
0.62,0.3,0.94,0.38,1770422496679,1.4546
0.62,0.3,0.7,0.38,1770422496733,1.4546
0.62,0.14,0.7,0.38,1770422497221,1.4546
0.58,0.14,0.86,0.38,1770422497261,1.4546
0.58,0.14,0.86,0.42,1770422497262,1.4546
0.58,0.31,0.86,0.42,1770422497422,1.4545
0.58,0.31,0.69,0.42,1770422497711,1.4545
0.59,0.31,0.69,0.42,1770422497777,1.4545
0.59,0.14,0.69,0.41,1770422499500,1.4536
0.59,0.31,0.86,0.41,1770422499580,1.4536
0.58,0.31,0.69,0.41,1770422500108,1.4536
0.6,0.31,0.69,0.42,1770422500147,1.4536
0.6,0.14,0.69,0.4,1770422501100,1.4543
0.6,0.31,0.86,0.4,1770422501154,1.4543
0.6,0.14,0.69,0.4,1770422505301,1.4539
0.6,0.31,0.86,0.4,1770422505380,1.4539
0.6,0.14,0.69,0.4,1770422505499,1.4539
0.6,0.32,0.86,0.4,1770422505727,1.4539
0.6,0.14,0.68,0.4,1770422505779,1.4539
0.58,0.14,0.86,0.4,1770422505785,1.4539
0.58,0.14,0.86,0.42,1770422505825,1.4539
0.58,0.33,0.86,0.42,1770422505906,1.4539
0.58,0.33,0.67,0.42,1770422506534,1.4532
0.59,0.33,0.67,0.42,1770422515049,1.4534
0.58,0.33,0.67,0.41,1770422518687,1.4543
0.59,0.33,0.67,0.42,1770422518887,1.4543
0.58,0.33,0.67,0.41,1770422519109,1.4543
0.58,0.14,0.67,0.42,1770422519120,1.4543
0.58,0.14,0.86,0.42,1770422519121,1.4543
0.6,0.14,0.86,0.42,1770422519205,1.4543
0.6,0.14,0.86,0.4,1770422519206,1.4543
0.6,0.29,0.86,0.4,1770422519254,1.4545
0.6,0.14,0.71,0.4,1770422519347,1.4545
0.6,0.3,0.86,0.4,1770422519712,1.4545
0.58,0.3,0.7,0.4,1770422521494,1.4543
0.61,0.3,0.7,0.42,1770422521532,1.4543
0.58,0.3,0.7,0.39,1770422522666,1.4551
0.62,0.3,0.7,0.42,1770422522926,1.4551
0.58,0.3,0.7,0.38,1770422523360,1.4554
0.58,0.14,0.7,0.42,1770422523374,1.4554
0.58,0.14,0.86,0.42,1770422523375,1.4554
0.63,0.14,0.86,0.42,1770422523487,1.4554
0.63,0.14,0.86,0.37,1770422523488,1.4554
0.58,0.14,0.86,0.37,1770422523620,1.4554
0.58,0.25,0.86,0.42,1770422523623,1.4554
0.58,0.25,0.75,0.42,1770422523737,1.4554
0.64,0.25,0.75,0.42,1770422524006,1.4554
0.64,0.25,0.75,0.36,1770422524007,1.4554
0.58,0.25,0.75,0.36,1770422524525,1.4561
0.65,0.25,0.75,0.42,1770422524579,1.4561
0.58,0.25,0.75,0.35,1770422524666,1.4561
0.58,0.25,0.75,0.42,1770422524681,1.4561
0.66,0.25,0.75,0.42,1770422524835,1.4561
0.58,0.25,0.75,0.34,1770422524926,1.4561
0.58,0.25,0.75,0.42,1770422524927,1.4561
0.66,0.25,0.75,0.42,1770422524969,1.4561
0.58,0.25,0.75,0.34,1770422525479,1.4572
0.67,0.25,0.75,0.42,1770422525605,1.4572
0.58,0.25,0.75,0.33,1770422525813,1.4572
0.68,0.25,0.75,0.42,1770422525867,1.4572
0.68,0.25,0.75,0.32,1770422525868,1.4572
0.68,0.1,0.75,0.32,1770422526103,1.4572
0.68,0.21,0.9,0.32,1770422526365,1.458
0.68,0.1,0.79,0.32,1770422526445,1.458
0.68,0.22,0.9,0.32,1770422526767,1.458
0.68,0.22,0.78,0.32,1770422527535,1.458
0.58,0.22,0.78,0.32,1770422527594,1.458
0.58,0.22,0.78,0.42,1770422527595,1.458
0.68,0.22,0.78,0.42,1770422527631,1.458
0.68,0.22,0.78,0.32,1770422527723,1.458
0.58,0.22,0.78,0.32,1770422528044,1.458
0.68,0.22,0.78,0.42,1770422528412,1.4585
0.58,0.22,0.78,0.32,1770422528750,1.4585
0.69,0.22,0.78,0.42,1770422528844,1.4585
0.58,0.22,0.78,0.31,1770422529738,1.4588
0.58,0.22,0.78,0.42,1770422529739,1.4588
0.7,0.22,0.78,0.42,1770422529885,1.4588
0.7,0.22,0.78,0.3,1770422529886,1.4588
0.58,0.22,0.78,0.3,1770422530992,1.4591
0.7,0.22,0.78,0.42,1770422531104,1.4591
0.7,0.06,0.78,0.3,1770422532518,1.4581
0.58,0.06,0.94,0.3,1770422532533,1.4581
0.58,0.06,0.94,0.42,1770422532564,1.4581
0.58,0.07,0.94,0.42,1770422532565,1.4581
0.58,0.07,0.93,0.42,1770422532566,1.4581
0.65,0.07,0.93,0.42,1770422532763,1.4581
0.58,0.07,0.93,0.35,1770422532837,1.4581
0.58,0.07,0.93,0.42,1770422532838,1.4581
0.65,0.23,0.77,0.42,1770422533066,1.4581
0.65,0.07,0.77,0.35,1770422533133,1.4581
0.65,0.24,0.93,0.35,1770422533191,1.4581
0.65,0.07,0.76,0.35,1770422533234,1.4581
0.65,0.07,0.93,0.35,1770422533278,1.4574
0.65,0.25,0.93,0.35,1770422533316,1.4574
0.65,0.25,0.75,0.35,1770422533360,1.4574
0.58,0.25,0.75,0.35,1770422534435,1.457
0.66,0.25,0.75,0.42,1770422534658,1.457
0.58,0.25,0.75,0.34,1770422537975,1.4572
0.58,0.25,0.75,0.42,1770422537976,1.4572
0.67,0.25,0.75,0.42,1770422538101,1.4572
0.58,0.25,0.75,0.33,1770422538446,1.4577
0.67,0.25,0.75,0.42,1770422538655,1.4577
0.67,0.06,0.75,0.33,1770422538895,1.4577
0.58,0.06,0.94,0.33,1770422538896,1.4577
0.58,0.07,0.94,0.42,1770422538925,1.4577
0.68,0.07,0.93,0.42,1770422538949,1.4577
0.68,0.21,0.93,0.32,1770422539202,1.4577
0.58,0.21,0.79,0.32,1770422539780,1.4583
0.58,0.21,0.79,0.42,1770422539781,1.4583
0.69,0.21,0.79,0.42,1770422539949,1.4583
0.69,0.21,0.79,0.31,1770422539964,1.4583
0.69,0.06,0.79,0.31,1770422550029,1.458
0.69,0.22,0.94,0.31,1770422550314,1.4578
0.58,0.22,0.78,0.31,1770422557980,1.4581
0.7,0.22,0.78,0.42,1770422558064,1.4581
0.58,0.22,0.78,0.3,1770422559431,1.4594
0.58,0.06,0.78,0.42,1770422560548,1.4597
0.58,0.06,0.94,0.42,1770422560549,1.4597
0.71,0.06,0.94,0.42,1770422560563,1.4597
0.71,0.07,0.94,0.29,1770422560576,1.4597
0.71,0.18,0.93,0.29,1770422560610,1.4597
0.71,0.07,0.82,0.29,1770422561636,1.4599
0.71,0.07,0.93,0.29,1770422561637,1.4599
0.71,0.06,0.93,0.29,1770422561661,1.4599
0.71,0.19,0.94,0.29,1770422562124,1.4599
0.71,0.06,0.81,0.29,1770422562228,1.4599
0.71,0.2,0.94,0.29,1770422562430,1.4595
0.71,0.2,0.8,0.29,1770422562431,1.4595
0.71,0.06,0.8,0.29,1770422562817,1.4595
0.58,0.06,0.94,0.29,1770422562821,1.4595
0.58,0.07,0.94,0.42,1770422562851,1.4595
0.69,0.07,0.93,0.42,1770422562862,1.4595
0.58,0.07,0.93,0.31,1770422562896,1.4595
0.67,0.07,0.93,0.42,1770422562947,1.4595
0.67,0.07,0.93,0.33,1770422562948,1.4595
0.67,0.24,0.93,0.33,1770422563001,1.4595
0.67,0.24,0.76,0.33,1770422563002,1.4595
0.67,0.07,0.76,0.33,1770422563193,1.4595
0.67,0.25,0.93,0.33,1770422563390,1.4568
0.67,0.25,0.75,0.33,1770422563438,1.4568
0.58,0.25,0.75,0.33,1770422592960,1.4572
0.58,0.1,0.75,0.42,1770422593776,1.4576
0.68,0.1,0.9,0.42,1770422593778,1.4576
0.68,0.1,0.9,0.32,1770422593797,1.4576
0.68,0.11,0.9,0.32,1770422593799,1.4576
0.68,0.21,0.89,0.32,1770422593904,1.4576
0.68,0.21,0.79,0.32,1770422593905,1.4576
0.68,0.11,0.79,0.32,1770422593977,1.4576
0.68,0.22,0.89,0.32,1770422594196,1.4576
0.68,0.11,0.78,0.32,1770422595137,1.4576
0.68,0.23,0.89,0.32,1770422595202,1.4576
0.68,0.23,0.77,0.32,1770422595237,1.4571
0.68,0.1,0.77,0.32,1770422597483,1.4564
0.68,0.1,0.9,0.32,1770422597515,1.4564
0.68,0.11,0.9,0.32,1770422597516,1.4564
0.68,0.24,0.89,0.32,1770422597526,1.4564
0.68,0.24,0.76,0.32,1770422598719,1.4564
0.58,0.24,0.76,0.32,1770422608291,1.4581
0.69,0.24,0.76,0.42,1770422609546,1.4581
0.69,0.24,0.76,0.31,1770422609547,1.4581
0.69,0.06,0.76,0.31,1770422609552,1.4581
0.69,0.06,0.94,0.31,1770422609582,1.4581
0.69,0.07,0.94,0.31,1770422609584,1.4581
0.69,0.19,0.93,0.31,1770422609681,1.4581
0.58,0.19,0.81,0.31,1770422609686,1.4581
0.7,0.19,0.81,0.42,1770422610577,1.4586
0.7,0.19,0.81,0.3,1770422610711,1.4586
0.7,0.06,0.81,0.3,1770422611667,1.4589
0.7,0.06,0.94,0.3,1770422611691,1.4589
0.7,0.07,0.94,0.3,1770422611693,1.4589
0.7,0.07,0.93,0.3,1770422611694,1.4589
0.7,0.2,0.93,0.3,1770422611696,1.4589
0.7,0.07,0.8,0.3,1770422612879,1.4582
0.7,0.2,0.93,0.3,1770422613031,1.4582
0.7,0.2,0.8,0.3,1770422613064,1.4582
0.7,0.06,0.8,0.3,1770422613675,1.4581
0.7,0.06,0.94,0.3,1770422613702,1.4581
0.7,0.07,0.93,0.3,1770422614337,1.458
0.7,0.2,0.93,0.3,1770422614422,1.458
0.7,0.2,0.8,0.3,1770422615212,1.458
0.7,0.06,0.8,0.3,1770422615361,1.458
0.7,0.06,0.94,0.3,1770422615387,1.458
0.7,0.07,0.94,0.3,1770422615388,1.458
0.7,0.21,0.93,0.3,1770422615457,1.458
0.7,0.21,0.79,0.3,1770422616712,1.4576
0.7,0.06,0.79,0.3,1770422619740,1.4579
0.7,0.06,0.94,0.3,1770422619768,1.4579
0.7,0.07,0.94,0.3,1770422619778,1.4579
0.7,0.22,0.93,0.3,1770422619795,1.4579
0.7,0.22,0.78,0.3,1770422621209,1.4572
0.7,0.06,0.78,0.3,1770422622384,1.4571
0.7,0.06,0.94,0.3,1770422622412,1.4571
0.7,0.23,0.93,0.3,1770422622857,1.4571
0.7,0.23,0.77,0.3,1770422622858,1.4571
0.58,0.23,0.77,0.3,1770422622859,1.4571
0.65,0.23,0.77,0.42,1770422622928,1.4571
0.65,0.23,0.77,0.35,1770422622929,1.4571
0.65,0.07,0.77,0.35,1770422623182,1.4571
0.65,0.25,0.93,0.35,1770422623313,1.4567
0.65,0.25,0.75,0.35,1770422623352,1.4567
0.65,0.23,0.75,0.35,1770422624347,1.4559
0.65,0.26,0.77,0.35,1770422624388,1.4559
0.65,0.26,0.74,0.35,1770422624407,1.4559
0.65,0.25,0.74,0.35,1770422625392,1.4552
0.65,0.25,0.75,0.35,1770422625393,1.4552
0.65,0.26,0.75,0.35,1770422625598,1.4552
0.65,0.26,0.74,0.35,1770422625665,1.4552
0.65,0.25,0.74,0.35,1770422628577,1.4557
0.65,0.27,0.75,0.35,1770422628674,1.4557
0.65,0.27,0.73,0.35,1770422629369,1.4551
0.58,0.27,0.73,0.35,1770422632465,1.4549
0.58,0.27,0.73,0.42,1770422632466,1.4549
0.58,0.26,0.9,0.42,1770422632497,1.4549
0.58,0.1,0.9,0.42,1770422632498,1.4549
0.6,0.1,0.9,0.42,1770422632529,1.4549
0.6,0.1,0.73,0.4,1770422632534,1.4549
0.6,0.28,0.73,0.4,1770422632677,1.4549
0.6,0.27,0.72,0.4,1770422632712,1.4549
0.6,0.27,0.9,0.4,1770422632724,1.4549
0.6,0.1,0.72,0.4,1770422632751,1.4549
0.6,0.29,0.72,0.4,1770422633153,1.4549
0.6,0.29,0.71,0.4,1770422633157,1.4549
0.58,0.29,0.71,0.4,1770422633544,1.454
0.58,0.29,0.71,0.42,1770422633568,1.454
0.6,0.29,0.71,0.42,1770422633989,1.454
0.58,0.29,0.71,0.4,1770422635184,1.4544
0.61,0.29,0.71,0.42,1770422635778,1.4543
0.61,0.29,0.71,0.39,1770422636540,1.4545
0.61,0.3,0.71,0.39,1770422637906,1.4537
0.61,0.3,0.7,0.39,1770422637928,1.4537
0.61,0.3,0.95,0.39,1770422638036,1.4537
0.61,0.05,0.95,0.39,1770422638063,1.4537
0.61,0.05,0.69,0.39,1770422638068,1.4537
0.61,0.31,0.69,0.39,1770422638072,1.4537
0.58,0.31,0.69,0.39,1770422639445,1.4533
0.58,0.14,0.67,0.42,1770422639475,1.4533
0.6,0.33,0.67,0.42,1770422639480,1.4533
0.6,0.33,0.67,0.4,1770422639481,1.4533
0.6,0.33,0.86,0.4,1770422639577,1.4533
0.6,0.33,0.67,0.4,1770422639578,1.4533
0.58,0.33,0.67,0.4,1770422646766,1.4531
0.58,0.33,0.66,0.42,1770422646799,1.4531
0.58,0.34,0.66,0.42,1770422646800,1.4531
0.58,0.34,0.65,0.42,1770422651010,1.4528
0.58,0.35,0.65,0.42,1770422651147,1.4528
0.58,0.34,0.65,0.42,1770422652035,1.4521
0.58,0.34,0.86,0.42,1770422652044,1.4521
0.58,0.14,0.86,0.42,1770422652069,1.4521
0.58,0.15,0.86,0.42,1770422652071,1.4521
0.58,0.15,0.63,0.42,1770422652077,1.4521
0.58,0.37,0.63,0.42,1770422652088,1.4521
0.58,0.37,0.62,0.42,1770422655954,1.4517
0.58,0.38,0.62,0.42,1770422655994,1.4517
0.58,0.38,0.86,0.42,1770422656024,1.4517
0.58,0.14,0.61,0.42,1770422656056,1.4517
0.58,0.39,0.61,0.42,1770422656121,1.4517
0.58,0.39,0.62,0.42,1770422656894,1.4511
0.58,0.38,0.62,0.42,1770422656936,1.4511
0.58,0.37,0.62,0.42,1770422659811,1.4514
0.58,0.37,0.63,0.42,1770422659812,1.4514
0.58,0.37,0.62,0.42,1770422661919,1.4519
0.58,0.38,0.62,0.42,1770422661920,1.4519
0.58,0.38,0.61,0.42,1770422664506,1.4511
0.58,0.39,0.61,0.42,1770422664637,1.4511
0.58,0.39,0.6,0.42,1770422664891,1.4511
0.58,0.4,0.6,0.42,1770422664910,1.4511
0.58,0.4,0.81,0.42,1770422667194,1.4509
0.58,0.19,0.81,0.42,1770422667195,1.4509
0.58,0.19,0.61,0.42,1770422667228,1.4509
0.58,0.39,0.61,0.42,1770422667514,1.4509
0.58,0.39,0.6,0.42,1770422668144,1.4509
0.58,0.4,0.6,0.42,1770422668145,1.4509
0.58,0.4,0.61,0.42,1770422670403,1.451
0.58,0.39,0.61,0.42,1770422670404,1.451
0.58,0.39,0.81,0.42,1770422671967,1.4509
0.58,0.19,0.62,0.42,1770422672019,1.4509
0.58,0.38,0.62,0.42,1770422672020,1.4509
0.58,0.19,0.62,0.42,1770422673856,1.4514
0.58,0.19,0.63,0.42,1770422673888,1.4514
0.58,0.37,0.63,0.42,1770422673908,1.4514
0.58,0.37,0.81,0.42,1770422674000,1.4514
0.58,0.36,0.64,0.42,1770422674019,1.4514
0.58,0.36,0.63,0.42,1770422674182,1.4514
0.58,0.37,0.63,0.42,1770422674183,1.4514
0.58,0.37,0.64,0.42,1770422674761,1.4521
0.58,0.36,0.64,0.42,1770422674792,1.4521
0.58,0.35,0.64,0.42,1770422675170,1.4521
0.58,0.35,0.81,0.42,1770422675171,1.4521
0.58,0.19,0.66,0.42,1770422675260,1.4521
0.58,0.34,0.66,0.42,1770422675400,1.4524
0.58,0.34,0.64,0.42,1770422687661,1.4528
0.58,0.36,0.64,0.42,1770422687838,1.4528
0.58,0.36,0.62,0.42,1770422695335,1.4519
0.58,0.38,0.62,0.42,1770422695506,1.4519
0.58,0.38,0.61,0.42,1770422697515,1.4513
0.58,0.39,0.61,0.42,1770422697516,1.4513
0.58,0.39,0.86,0.42,1770422697658,1.4513
0.58,0.15,0.86,0.42,1770422697689,1.4513
0.58,0.15,0.85,0.42,1770422697691,1.4513
0.58,0.15,0.59,0.42,1770422697695,1.4513
0.58,0.41,0.59,0.42,1770422697888,1.4513
0.58,0.41,0.59,0.68,1770422698085,1.4513
0.54,0.41,0.59,0.68,1770422698102,1.4513
0.54,0.41,0.59,0.46,1770422698118,1.4513
0.26,0.41,0.59,0.46,1770422700755,1.4505
0.26,0.41,0.59,0.74,1770422700785,1.4505
0.5,0.41,0.59,0.74,1770422700823,1.4505
0.5,0.41,0.57,0.5,1770422700830,1.4505
0.5,0.43,0.57,0.5,1770422701354,1.4499
0.5,0.43,0.58,0.5,1770422701453,1.4499
0.5,0.42,0.55,0.5,1770422701486,1.4499
0.5,0.45,0.55,0.5,1770422701487,1.4499
0.5,0.45,0.58,0.5,1770422701587,1.4499
0.5,0.42,0.58,0.5,1770422701588,1.4499
0.26,0.42,0.58,0.5,1770422701614,1.4499
0.26,0.42,0.57,0.74,1770422701627,1.4499
0.26,0.43,0.57,0.74,1770422701857,1.4499
0.51,0.43,0.57,0.74,1770422702196,1.4499
0.51,0.43,0.57,0.49,1770422702197,1.4499
0.51,0.43,0.81,0.49,1770422702226,1.4499
0.51,0.19,0.58,0.49,1770422702261,1.4499
0.51,0.42,0.58,0.49,1770422702493,1.4504
0.51,0.42,0.81,0.49,1770422702541,1.4504
0.51,0.19,0.56,0.49,1770422702584,1.4504
0.51,0.44,0.56,0.49,1770422702647,1.4504
0.51,0.44,0.81,0.49,1770422702795,1.4504
0.51,0.19,0.81,0.49,1770422702796,1.4504
0.51,0.37,0.81,0.49,1770422703058,1.4504
0.51,0.19,0.63,0.49,1770422703447,1.4503
0.51,0.37,0.81,0.49,1770422703640,1.4503
0.51,0.37,0.63,0.49,1770422703641,1.4503
0.26,0.37,0.63,0.49,1770422703645,1.4503
0.26,0.37,0.59,0.74,1770422703694,1.4503
0.26,0.41,0.59,0.74,1770422703843,1.4503
0.52,0.41,0.59,0.74,1770422703849,1.4503
0.52,0.41,0.81,0.48,1770422703893,1.4503
0.52,0.19,0.6,0.48,1770422703920,1.4503
0.26,0.4,0.6,0.48,1770422704155,1.4503
0.26,0.4,0.6,0.74,1770422704156,1.4503
0.26,0.4,0.61,0.74,1770422704157,1.4503
0.26,0.39,0.59,0.74,1770422704182,1.4503
0.52,0.41,0.59,0.74,1770422704252,1.4508
0.26,0.41,0.59,0.48,1770422704288,1.4508
0.52,0.41,0.59,0.74,1770422704526,1.4508
0.26,0.41,0.59,0.48,1770422704645,1.4508
0.26,0.41,0.59,0.74,1770422704646,1.4508
0.53,0.41,0.59,0.74,1770422705023,1.4508
0.53,0.41,0.61,0.47,1770422705048,1.4508
0.53,0.39,0.61,0.47,1770422705049,1.4508
0.53,0.39,0.6,0.47,1770422705093,1.4508
0.26,0.4,0.6,0.47,1770422705182,1.4508
0.53,0.4,0.6,0.74,1770422705642,1.4508
0.53,0.4,0.6,0.47,1770422705643,1.4508
0.53,0.4,0.61,0.47,1770422705700,1.4508
0.26,0.39,0.61,0.47,1770422706609,1.4509
0.26,0.19,0.61,0.74,1770422706610,1.4509
0.26,0.39,0.61,0.74,1770422706645,1.4509
0.55,0.39,0.61,0.74,1770422706890,1.4509
0.55,0.39,0.61,0.45,1770422706975,1.4509
0.55,0.39,0.63,0.45,1770422707006,1.4509
0.55,0.37,0.63,0.45,1770422707036,1.4509
0.26,0.37,0.63,0.45,1770422707457,1.4516
0.26,0.37,0.63,0.74,1770422707458,1.4516
0.56,0.37,0.63,0.74,1770422707958,1.4516
0.56,0.37,0.81,0.44,1770422708009,1.4516
0.56,0.19,0.64,0.44,1770422708039,1.4516
0.26,0.36,0.64,0.44,1770422708674,1.4522
0.26,0.36,0.64,0.74,1770422708675,1.4522
0.56,0.36,0.64,0.74,1770422709437,1.452
0.56,0.36,0.81,0.44,1770422709467,1.452
0.56,0.36,0.64,0.44,1770422709475,1.452
0.56,0.36,0.63,0.44,1770422709491,1.452
0.56,0.37,0.63,0.44,1770422711269,1.4517
0.56,0.37,0.64,0.44,1770422711955,1.4516
0.56,0.36,0.64,0.44,1770422711978,1.4516
0.26,0.36,0.64,0.44,1770422712133,1.4516
0.57,0.36,0.64,0.74,1770422712256,1.4516
0.57,0.36,0.64,0.43,1770422713449,1.4521
0.57,0.36,0.81,0.43,1770422713803,1.4521
0.57,0.19,0.81,0.43,1770422713804,1.4521
0.57,0.19,0.63,0.43,1770422713842,1.4521
0.57,0.37,0.63,0.43,1770422713909,1.4521
0.57,0.37,0.81,0.43,1770422714333,1.4518
0.57,0.19,0.81,0.43,1770422714334,1.4518
0.57,0.19,0.62,0.43,1770422714377,1.4518
0.57,0.38,0.62,0.43,1770422714605,1.4518
0.57,0.38,0.63,0.43,1770422715299,1.4516
0.57,0.37,0.63,0.43,1770422715346,1.4516
0.57,0.37,0.64,0.43,1770422718037,1.452
0.57,0.36,0.62,0.43,1770422718071,1.452
0.57,0.38,0.62,0.43,1770422718223,1.452
0.57,0.38,0.81,0.43,1770422719586,1.4515
0.57,0.19,0.61,0.43,1770422719632,1.4515
0.57,0.39,0.81,0.43,1770422719708,1.4515
0.57,0.39,0.61,0.43,1770422719722,1.4515
0.57,0.39,0.6,0.43,1770422719744,1.4515
0.57,0.4,0.6,0.43,1770422719997,1.4515
0.57,0.19,0.61,0.43,1770422720016,1.4515
0.57,0.39,0.61,0.43,1770422720049,1.4515
0.57,0.39,0.63,0.43,1770422721518,1.4514
0.57,0.37,0.62,0.43,1770422721558,1.4514
0.57,0.38,0.62,0.43,1770422721636,1.4514
0.57,0.38,0.81,0.43,1770422721660,1.4514
0.57,0.19,0.63,0.43,1770422721696,1.4514
0.57,0.37,0.63,0.43,1770422721985,1.4514
0.57,0.37,0.64,0.43,1770422722066,1.4514
0.57,0.19,0.64,0.43,1770422722068,1.4514
0.57,0.19,0.62,0.43,1770422722112,1.4514
0.57,0.38,0.62,0.43,1770422722113,1.4514
0.57,0.38,0.81,0.43,1770422723836,1.4515
0.57,0.38,0.62,0.43,1770422723871,1.4515
0.57,0.38,0.61,0.43,1770422723890,1.4515
0.57,0.39,0.61,0.43,1770422724509,1.4513
0.57,0.39,0.64,0.43,1770422724645,1.4513
0.57,0.36,0.62,0.43,1770422724678,1.4513
0.57,0.38,0.62,0.43,1770422725903,1.4516
0.57,0.38,0.61,0.43,1770422727300,1.4513
0.57,0.39,0.61,0.43,1770422733109,1.451
0.57,0.39,0.81,0.43,1770422733119,1.451
0.57,0.19,0.6,0.43,1770422733145,1.451
0.26,0.4,0.6,0.43,1770422733199,1.451
0.26,0.4,0.6,0.74,1770422733209,1.451
0.26,0.4,0.61,0.74,1770422733224,1.451
0.26,0.39,0.61,0.74,1770422733225,1.451
0.26,0.39,0.59,0.74,1770422733258,1.451
0.52,0.41,0.59,0.74,1770422733450,1.451
0.26,0.41,0.59,0.48,1770422733508,1.451
0.53,0.41,0.59,0.74,1770422734037,1.451
0.26,0.41,0.59,0.47,1770422735506,1.4508
0.26,0.41,0.59,0.74,1770422735516,1.4508
0.26,0.41,0.81,0.74,1770422735534,1.4508
0.55,0.19,0.81,0.74,1770422735554,1.4508
0.55,0.19,0.62,0.45,1770422735589,1.4508
0.26,0.38,0.62,0.45,1770422735643,1.4508
0.26,0.38,0.62,0.74,1770422735644,1.4508
0.55,0.38,0.62,0.74,1770422735817,1.4508
0.55,0.38,0.62,0.45,1770422735818,1.4508
0.55,0.38,0.63,0.45,1770422735915,1.4508
0.55,0.37,0.61,0.45,1770422735950,1.4508
0.55,0.39,0.61,0.45,1770422736165,1.4508
0.55,0.39,0.62,0.45,1770422738743,1.4514
0.55,0.38,0.6,0.45,1770422738769,1.4514
0.55,0.4,0.6,0.45,1770422738796,1.4514
0.55,0.4,0.61,0.45,1770422739138,1.4514
0.55,0.39,0.59,0.45,1770422739177,1.4514
0.55,0.41,0.59,0.45,1770422739218,1.4514
0.55,0.41,0.61,0.45,1770422740298,1.4507
0.55,0.39,0.6,0.45,1770422740329,1.4507
0.55,0.4,0.61,0.45,1770422741056,1.4507
0.55,0.39,0.61,0.45,1770422741057,1.4507
0.55,0.39,0.59,0.45,1770422741081,1.4507
0.55,0.41,0.59,0.45,1770422741303,1.4507
0.55,0.41,0.61,0.45,1770422742488,1.4507
0.55,0.39,0.61,0.45,1770422742520,1.4507
0.55,0.39,0.63,0.45,1770422745825,1.4513
0.55,0.37,0.62,0.45,1770422745871,1.4513
0.55,0.38,0.62,0.45,1770422745926,1.4513
0.55,0.38,0.81,0.45,1770422750937,1.4514
0.55,0.19,0.81,0.45,1770422750960,1.4514
0.55,0.2,0.81,0.45,1770422750963,1.4514
0.55,0.2,0.8,0.45,1770422750964,1.4514
0.55,0.38,0.8,0.45,1770422750978,1.4514
0.55,0.38,0.6,0.45,1770422750990,1.4514
0.55,0.4,0.6,0.45,1770422751196,1.4514
0.55,0.4,0.61,0.45,1770422751394,1.451
0.55,0.39,0.59,0.45,1770422751429,1.451
0.55,0.41,0.59,0.45,1770422752209,1.451
0.55,0.41,0.61,0.45,1770422753312,1.4507
0.55,0.39,0.6,0.45,1770422753333,1.4507
0.55,0.4,0.61,0.45,1770422754365,1.4506
0.55,0.39,0.59,0.45,1770422754403,1.4506
0.55,0.41,0.59,0.45,1770422754404,1.4506
0.55,0.41,0.61,0.45,1770422754496,1.4506
0.55,0.39,0.61,0.45,1770422754497,1.4506
0.55,0.19,0.61,0.45,1770422754499,1.4506
0.55,0.19,0.58,0.45,1770422754528,1.4506
0.55,0.42,0.58,0.45,1770422754529,1.4506
0.27,0.42,0.58,0.45,1770422755232,1.4506
0.27,0.42,0.58,0.73,1770422755233,1.4506
0.27,0.42,0.8,0.73,1770422755236,1.4502
0.27,0.41,0.8,0.73,1770422755260,1.4502
0.27,0.41,0.59,0.73,1770422755261,1.4502
0.27,0.41,0.56,0.73,1770422755277,1.4502
0.27,0.44,0.56,0.74,1770422755711,1.4502
0.26,0.44,0.56,0.74,1770422755712,1.4502
0.5,0.44,0.56,0.74,1770422757050,1.45
0.5,0.44,0.56,0.5,1770422757051,1.45
0.26,0.44,0.56,0.5,1770422757273,1.4498
0.26,0.44,0.59,0.74,1770422757274,1.4498
0.26,0.41,0.57,0.74,1770422757300,1.4498
0.51,0.43,0.57,0.74,1770422757410,1.4498
0.51,0.43,0.57,0.49,1770422760235,1.45
0.26,0.43,0.57,0.49,1770422761531,1.45
0.26,0.43,0.57,0.74,1770422761532,1.45
0.26,0.43,0.6,0.74,1770422761566,1.45
0.26,0.4,0.6,0.74,1770422761567,1.45
0.52,0.4,0.6,0.74,1770422761595,1.45
0.52,0.4,0.58,0.48,1770422761604,1.45
0.26,0.42,0.58,0.48,1770422762266,1.45
0.26,0.42,0.58,0.74,1770422762271,1.45
0.26,0.42,0.81,0.74,1770422762274,1.45
0.26,0.19,0.81,0.74,1770422762275,1.45
0.26,0.19,0.81,0.73,1770422762301,1.4505
0.27,0.19,0.81,0.73,1770422762302,1.4505
0.27,0.2,0.81,0.73,1770422762303,1.4505
0.27,0.2,0.8,0.73,1770422762304,1.4505
0.27,0.2,0.6,0.73,1770422762310,1.4505
0.54,0.4,0.6,0.73,1770422762357,1.4505
0.54,0.4,0.6,0.46,1770422762410,1.4505
0.54,0.4,0.62,0.46,1770422762533,1.4505
0.54,0.38,0.59,0.46,1770422762560,1.4505
0.54,0.41,0.59,0.46,1770422763074,1.4505
0.26,0.41,0.59,0.46,1770422764167,1.4508
0.26,0.41,0.59,0.74,1770422764199,1.4508
0.26,0.41,0.58,0.74,1770422764239,1.4508
0.49,0.42,0.58,0.74,1770422764250,1.4508
0.49,0.42,0.58,0.51,1770422765077,1.4509
0.26,0.42,0.58,0.51,1770422768592,1.45
0.5,0.42,0.58,0.74,1770422768663,1.45
0.5,0.42,0.58,0.5,1770422769215,1.45
0.5,0.42,0.57,0.5,1770422769266,1.4503
0.5,0.43,0.57,0.5,1770422769316,1.4503
0.26,0.43,0.57,0.5,1770422773269,1.4503
0.26,0.43,0.57,0.74,1770422773272,1.4503
0.26,0.43,0.59,0.74,1770422773295,1.4503
0.26,0.41,0.59,0.74,1770422773337,1.4503
0.51,0.41,0.59,0.74,1770422773484,1.4503
0.51,0.41,0.59,0.49,1770422798229,1.4495
0.26,0.41,0.59,0.49,1770422798412,1.4497
0.26,0.41,0.81,0.74,1770422798440,1.4497
0.26,0.19,0.54,0.74,1770422798467,1.4497
0.26,0.46,0.54,0.74,1770422798468,1.4497
0.26,0.46,0.54,0.73,1770422798469,1.4497
0.47,0.46,0.54,0.73,1770422798559,1.4497
0.47,0.46,0.54,0.53,1770422798658,1.4497
0.47,0.46,0.53,0.53,1770422798878,1.4497
0.47,0.47,0.53,0.53,1770422799710,1.449
0.22,0.47,0.53,0.53,1770422801737,1.4482
0.22,0.47,0.53,0.78,1770422801746,1.4482
0.44,0.47,0.53,0.78,1770422801791,1.4482
0.44,0.47,0.53,0.56,1770422801839,1.4482
0.44,0.49,0.53,0.56,1770422802060,1.4482
0.44,0.47,0.51,0.56,1770422802156,1.4482
0.22,0.47,0.53,0.56,1770422802197,1.4482
0.22,0.47,0.53,0.78,1770422802198,1.4482
0.45,0.47,0.53,0.78,1770422802240,1.4482
0.45,0.47,0.53,0.55,1770422802241,1.4482
0.22,0.47,0.53,0.55,1770422803954,1.4486
0.41,0.47,0.53,0.78,1770422804084,1.4486
0.41,0.48,0.53,0.59,1770422804123,1.4486
0.22,0.48,0.52,0.59,1770422804168,1.4486
0.42,0.48,0.52,0.78,1770422804228,1.4486
0.22,0.48,0.52,0.58,1770422804286,1.4474
0.42,0.48,0.52,0.78,1770422804489,1.4474
0.22,0.48,0.52,0.58,1770422804601,1.4474
0.22,0.48,0.52,0.78,1770422804613,1.4474
0.43,0.48,0.52,0.78,1770422804678,1.4474
0.22,0.48,0.52,0.57,1770422804731,1.4474
0.44,0.48,0.52,0.78,1770422804817,1.4474
0.22,0.48,0.52,0.56,1770422805089,1.4474
0.22,0.48,0.52,0.78,1770422805090,1.4474
0.22,0.47,0.52,0.78,1770422805172,1.4474
0.45,0.47,0.53,0.78,1770422805177,1.4474
0.22,0.47,0.53,0.55,1770422805243,1.4485
0.22,0.47,0.53,0.78,1770422805263,1.4485
0.44,0.47,0.53,0.78,1770422805343,1.4485
0.44,0.47,0.53,0.56,1770422805344,1.4485
0.22,0.47,0.53,0.56,1770422805670,1.4485
0.22,0.47,0.53,0.78,1770422805746,1.4485
0.47,0.47,0.53,0.78,1770422805792,1.4485
0.47,0.47,0.53,0.53,1770422805977,1.4485
0.22,0.47,0.53,0.53,1770422808620,1.4486
0.46,0.47,0.53,0.78,1770422808652,1.4486
0.22,0.47,0.53,0.54,1770422811609,1.4479
0.22,0.47,0.53,0.78,1770422811621,1.4479
0.41,0.47,0.53,0.78,1770422811710,1.4479
0.22,0.47,0.53,0.59,1770422811799,1.4479
0.22,0.47,0.53,0.78,1770422811810,1.4479
0.42,0.47,0.53,0.78,1770422811925,1.4479
0.42,0.47,0.53,0.58,1770422811926,1.4479
0.22,0.47,0.53,0.58,1770422812040,1.4479
0.42,0.47,0.53,0.78,1770422812515,1.4477
0.42,0.47,0.53,0.58,1770422812516,1.4477
0.22,0.47,0.53,0.58,1770422812601,1.4477
0.22,0.47,0.53,0.78,1770422812602,1.4477
0.43,0.47,0.53,0.78,1770422812675,1.4477
0.22,0.47,0.53,0.57,1770422812937,1.4477
0.43,0.47,0.53,0.78,1770422813419,1.4482
0.22,0.47,0.53,0.57,1770422814515,1.4481
0.44,0.47,0.53,0.78,1770422814618,1.4481
0.44,0.47,0.53,0.56,1770422814619,1.4481
0.44,0.48,0.53,0.56,1770422819692,1.4476
0.22,0.48,0.52,0.56,1770422821959,1.4477
0.22,0.47,0.52,0.78,1770422821992,1.4477
0.45,0.47,0.53,0.78,1770422822046,1.4477
0.45,0.47,0.53,0.55,1770422822208,1.4477
0.22,0.47,0.53,0.55,1770422822351,1.4488
0.22,0.47,0.53,0.78,1770422822352,1.4488
0.46,0.47,0.53,0.78,1770422822403,1.4488
0.46,0.47,0.53,0.54,1770422823090,1.4488
0.22,0.47,0.53,0.54,1770422824348,1.4489
0.22,0.47,0.53,0.78,1770422824355,1.4489
0.47,0.47,0.53,0.78,1770422824456,1.4489
0.47,0.47,0.53,0.53,1770422824534,1.4489
0.22,0.47,0.53,0.53,1770422824670,1.4489
0.48,0.47,0.53,0.78,1770422824735,1.4489
0.48,0.47,0.53,0.52,1770422824736,1.4489
0.22,0.47,0.53,0.52,1770422825223,1.4489
0.22,0.47,0.53,0.78,1770422825233,1.4496
0.49,0.47,0.53,0.78,1770422825496,1.4496
0.49,0.47,0.53,0.51,1770422825497,1.4496
0.22,0.47,0.53,0.51,1770422825750,1.4496
0.22,0.47,0.53,0.78,1770422825900,1.4496
0.16,0.47,0.53,0.78,1770422825901,1.4496
0.5,0.47,0.53,0.84,1770422825937,1.4496
0.5,0.47,0.53,0.5,1770422825938,1.4496
0.26,0.47,0.53,0.5,1770422826254,1.4496
0.5,0.47,0.53,0.74,1770422826313,1.4504
0.5,0.47,0.53,0.5,1770422826560,1.4504
0.26,0.47,0.53,0.5,1770422826676,1.4504
0.51,0.47,0.53,0.74,1770422826791,1.4504
0.51,0.47,0.53,0.49,1770422826792,1.4504
0.26,0.47,0.53,0.49,1770422827874,1.4507
0.52,0.47,0.53,0.74,1770422827936,1.4507
0.52,0.47,0.53,0.48,1770422828036,1.4507
0.52,0.47,0.81,0.48,1770422829266,1.4509
0.52,0.39,0.81,0.48,1770422829269,1.4509
0.52,0.39,0.61,0.48,1770422829291,1.4509
0.26,0.39,0.61,0.48,1770422837971,1.4506
0.26,0.39,0.61,0.74,1770422838008,1.4506
0.53,0.39,0.61,0.74,1770422838043,1.4506
0.53,0.39,0.61,0.47,1770422838554,1.4512
0.26,0.39,0.61,0.47,1770422838649,1.4512
0.53,0.39,0.61,0.74,1770422838697,1.4512
0.53,0.39,0.61,0.47,1770422838698,1.4512
0.26,0.39,0.61,0.47,1770422839119,1.4512
0.26,0.38,0.61,0.74,1770422839427,1.4514
0.54,0.38,0.62,0.74,1770422839433,1.4514
0.54,0.38,0.62,0.46,1770422839611,1.4514
0.54,0.38,0.63,0.46,1770422839616,1.4514
0.54,0.37,0.63,0.46,1770422839617,1.4514
0.26,0.37,0.63,0.46,1770422839625,1.4514
0.26,0.37,0.63,0.74,1770422839668,1.4514
0.54,0.37,0.63,0.74,1770422839820,1.4514
0.54,0.37,0.63,0.46,1770422839821,1.4514
0.26,0.37,0.63,0.46,1770422840200,1.4514
0.54,0.37,0.63,0.74,1770422840678,1.4521
0.26,0.37,0.63,0.46,1770422841180,1.4521
0.26,0.37,0.63,0.74,1770422841200,1.4521
0.55,0.37,0.63,0.74,1770422841806,1.4521
0.55,0.37,0.63,0.45,1770422841875,1.4521
0.27,0.37,0.63,0.45,1770422841898,1.4521
0.27,0.37,0.63,0.73,1770422841899,1.4521
0.56,0.37,0.63,0.73,1770422842326,1.4523
0.56,0.35,0.63,0.44,1770422843060,1.4523
0.56,0.35,0.65,0.44,1770422843360,1.4527
0.56,0.35,0.63,0.44,1770422850141,1.4522
0.56,0.37,0.63,0.44,1770422850202,1.4522
0.56,0.37,0.81,0.44,1770422850241,1.4522
0.56,0.19,0.62,0.44,1770422850264,1.4519
0.56,0.38,0.62,0.44,1770422850530,1.4519
0.56,0.38,0.61,0.44,1770422857181,1.4515
0.56,0.39,0.61,0.44,1770422857182,1.4515
0.27,0.39,0.61,0.44,1770422857325,1.4515
0.51,0.39,0.61,0.73,1770422857550,1.4515
0.27,0.39,0.61,0.49,1770422859596,1.451
0.27,0.39,0.61,0.73,1770422859597,1.451
0.52,0.39,0.61,0.73,1770422859959,1.451
0.52,0.39,0.61,0.48,1770422859960,1.451
0.27,0.39,0.61,0.48,1770422860344,1.4511
0.53,0.39,0.61,0.73,1770422861505,1.4513
0.53,0.39,0.61,0.47,1770422861635,1.4513
0.53,0.38,0.61,0.47,1770422864922,1.4505
0.53,0.38,0.62,0.47,1770422864923,1.4505
0.53,0.4,0.62,0.47,1770422865984,1.45
0.27,0.4,0.6,0.47,1770422865989,1.45
0.27,0.4,0.6,0.73,1770422865990,1.45
0.48,0.4,0.6,0.73,1770422866045,1.45
0.48,0.19,0.6,0.52,1770422866048,1.45
0.48,0.19,0.56,0.52,1770422866057,1.45
0.48,0.44,0.56,0.52,1770422866075,1.45
0.48,0.44,0.54,0.52,1770422866687,1.4498
0.48,0.46,0.54,0.52,1770422866761,1.4498
0.48,0.46,0.53,0.52,1770422866894,1.4498
0.48,0.47,0.53,0.52,1770422866991,1.4498
0.27,0.47,0.53,0.52,1770422869833,1.4497
0.49,0.47,0.53,0.73,1770422869867,1.4497
0.27,0.47,0.53,0.51,1770422870398,1.45
0.5,0.47,0.53,0.73,1770422870749,1.45
0.5,0.47,0.53,0.5,1770422870758,1.45
0.27,0.47,0.53,0.5,1770422871840,1.4504
0.51,0.47,0.53,0.73,1770422872250,1.4504
0.51,0.47,0.53,0.49,1770422873247,1.4506
0.27,0.47,0.53,0.49,1770422874817,1.4505
0.27,0.47,0.53,0.73,1770422874845,1.4505
0.52,0.47,0.53,0.73,1770422875332,1.4514
0.52,0.47,0.81,0.48,1770422875336,1.4514
0.52,0.19,0.81,0.48,1770422875337,1.4514
0.52,0.36,0.81,0.48,1770422876110,1.4514
0.28,0.36,0.64,0.48,1770422876210,1.4514
0.28,0.36,0.64,0.72,1770422876211,1.4514
0.28,0.36,0.61,0.72,1770422876250,1.4514
0.53,0.39,0.61,0.72,1770422876268,1.4513
0.53,0.39,0.61,0.47,1770422876292,1.4513
0.27,0.39,0.61,0.47,1770422879821,1.4514
0.27,0.39,0.61,0.73,1770422879854,1.4514
0.54,0.39,0.61,0.73,1770422880064,1.4514
0.54,0.39,0.61,0.46,1770422880372,1.4518
0.27,0.39,0.61,0.46,1770422887766,1.4512
0.27,0.39,0.61,0.73,1770422887793,1.4512
0.27,0.39,0.58,0.73,1770422887857,1.4512
0.27,0.42,0.81,0.73,1770422887868,1.4512
0.51,0.19,0.81,0.73,1770422887871,1.4512
0.51,0.19,0.81,0.49,1770422887897,1.4512
0.51,0.2,0.81,0.49,1770422887899,1.4512
0.51,0.2,0.56,0.49,1770422887911,1.4512
0.51,0.44,0.56,0.49,1770422887958,1.4512
0.28,0.44,0.56,0.49,1770422887962,1.4512
0.28,0.44,0.59,0.72,1770422887976,1.4512
0.28,0.41,0.55,0.72,1770422888054,1.4512
0.28,0.45,0.55,0.72,1770422888055,1.4512
0.46,0.45,0.55,0.72,1770422888075,1.4512
0.46,0.45,0.55,0.54,1770422888134,1.4512
0.46,0.46,0.55,0.54,1770422888240,1.4512
0.46,0.45,0.54,0.54,1770422888395,1.448
0.28,0.45,0.55,0.54,1770422888433,1.448
0.28,0.45,0.55,0.72,1770422888434,1.448
0.28,0.47,0.55,0.72,1770422888438,1.448
0.42,0.47,0.53,0.72,1770422888525,1.448
0.42,0.45,0.53,0.58,1770422888531,1.448
0.42,0.48,0.55,0.58,1770422888589,1.448
0.42,0.48,0.52,0.58,1770422889210,1.448
0.42,0.45,0.52,0.58,1770422889241,1.448
0.42,0.48,0.55,0.58,1770422889338,1.4474
0.42,0.45,0.52,0.58,1770422891309,1.4479
0.42,0.49,0.55,0.58,1770422891394,1.4479
0.27,0.49,0.51,0.58,1770422891883,1.4479
0.43,0.49,0.51,0.73,1770422892321,1.448
0.27,0.49,0.51,0.57,1770422893632,1.4481
0.43,0.49,0.51,0.73,1770422893779,1.4481
0.27,0.49,0.51,0.57,1770422894378,1.4481
0.44,0.49,0.51,0.73,1770422894644,1.4481
0.44,0.45,0.51,0.56,1770422894695,1.4481
0.44,0.45,0.77,0.56,1770422894735,1.4481
0.44,0.23,0.77,0.56,1770422894764,1.4481
0.44,0.23,0.51,0.56,1770422894774,1.4481
0.44,0.49,0.51,0.56,1770422894875,1.4481
0.27,0.49,0.51,0.56,1770422896321,1.4484
0.27,0.49,0.51,0.73,1770422896647,1.4484
0.46,0.49,0.51,0.73,1770422896658,1.4484
0.46,0.49,0.51,0.54,1770422896659,1.4484
0.27,0.49,0.51,0.54,1770422898117,1.4492
0.47,0.49,0.51,0.73,1770422898167,1.4492
0.27,0.49,0.51,0.53,1770422898224,1.4492
0.27,0.49,0.51,0.73,1770422898225,1.4492
0.48,0.49,0.51,0.73,1770422898288,1.4492
0.48,0.49,0.51,0.52,1770422898817,1.4492
0.27,0.49,0.51,0.52,1770422898819,1.4492
0.27,0.49,0.51,0.73,1770422898820,1.4492
0.48,0.49,0.51,0.73,1770422898854,1.4492
0.27,0.49,0.51,0.52,1770422898976,1.4492
0.5,0.49,0.51,0.73,1770422899045,1.4492
0.5,0.49,0.51,0.5,1770422899235,1.4492
0.5,0.49,0.59,0.5,1770422899787,1.4502
0.27,0.41,0.59,0.5,1770422899819,1.4502
0.27,0.41,0.59,0.73,1770422899820,1.4502
0.51,0.41,0.59,0.73,1770422899943,1.4502
0.51,0.41,0.59,0.49,1770422899995,1.4502
0.51,0.41,0.58,0.49,1770422900027,1.4502
0.51,0.42,0.58,0.49,1770422900104,1.4502
0.51,0.42,0.59,0.49,1770422900178,1.4502
0.51,0.41,0.59,0.49,1770422900250,1.4508
0.26,0.41,0.59,0.49,1770422901242,1.4508
0.26,0.41,0.59,0.74,1770422901274,1.4508
0.52,0.41,0.59,0.74,1770422901350,1.4508
0.52,0.41,0.59,0.48,1770422901372,1.4508
0.52,0.4,0.59,0.48,1770422903791,1.4509
0.52,0.4,0.6,0.48,1770422903792,1.4509
0.47,0.4,0.6,0.48,1770422904948,1.4514
0.53,0.4,0.6,0.53,1770422905112,1.4514
0.47,0.4,0.6,0.47,1770422905968,1.4519
0.47,0.4,0.6,0.53,1770422905977,1.4519
0.55,0.4,0.6,0.53,1770422906072,1.4519
0.55,0.4,0.63,0.45,1770422906097,1.4519
0.55,0.37,0.63,0.45,1770422906125,1.4519
0.47,0.37,0.63,0.45,1770422908637,1.4522
0.47,0.37,0.63,0.53,1770422908645,1.4522
0.47,0.33,0.63,0.53,1770422908653,1.4522
0.47,0.33,0.67,0.53,1770422908654,1.4522
0.56,0.33,0.67,0.53,1770422909088,1.4522
0.56,0.33,0.81,0.44,1770422909125,1.4522
0.56,0.19,0.69,0.44,1770422909181,1.4522
0.56,0.31,0.69,0.44,1770422909234,1.4532
0.47,0.31,0.69,0.44,1770422909364,1.4532
0.47,0.31,0.69,0.53,1770422909371,1.4532
0.58,0.31,0.69,0.53,1770422909492,1.4532
0.47,0.31,0.69,0.42,1770422909601,1.4532
0.47,0.31,0.69,0.53,1770422909602,1.4532
0.59,0.31,0.69,0.53,1770422909657,1.4532
0.59,0.31,0.69,0.41,1770422909953,1.4532
0.47,0.31,0.69,0.41,1770422910477,1.4536
0.47,0.31,0.69,0.53,1770422910501,1.4536
0.6,0.31,0.69,0.53,1770422910579,1.4536
0.47,0.31,0.69,0.4,1770422910626,1.4536
0.47,0.31,0.69,0.53,1770422910635,1.4536
0.61,0.31,0.69,0.53,1770422910821,1.4536
0.47,0.31,0.69,0.39,1770422911326,1.4545
0.62,0.31,0.69,0.53,1770422911572,1.4545
0.62,0.28,0.86,0.38,1770422911595,1.4545
0.62,0.14,0.75,0.38,1770422911626,1.4545
0.47,0.25,0.75,0.38,1770422911707,1.4545
0.47,0.26,0.75,0.53,1770422911709,1.4545
0.47,0.26,0.74,0.53,1770422911716,1.4545
0.47,0.26,0.73,0.53,1770422911753,1.4545
0.47,0.27,0.73,0.53,1770422911754,1.4545
0.62,0.27,0.73,0.53,1770422912163,1.4545
0.62,0.27,0.9,0.38,1770422912227,1.4545
0.62,0.27,0.73,0.38,1770422912230,1.4545
0.47,0.27,0.73,0.38,1770422912300,1.455
0.63,0.27,0.73,0.53,1770422913131,1.455
0.63,0.27,0.73,0.37,1770422913158,1.455
0.47,0.27,0.73,0.37,1770422913248,1.4552
0.47,0.27,0.73,0.53,1770422913272,1.4552
0.64,0.27,0.73,0.53,1770422913771,1.4552
0.47,0.27,0.73,0.36,1770422913822,1.4552
0.65,0.27,0.73,0.53,1770422914004,1.4552
0.65,0.27,0.73,0.35,1770422914708,1.456
0.65,0.26,0.73,0.35,1770422915763,1.4549
0.47,0.26,0.74,0.35,1770422915765,1.4549
0.47,0.28,0.74,0.53,1770422915799,1.4549
0.47,0.28,0.72,0.53,1770422915812,1.4549
0.61,0.28,0.72,0.53,1770422915892,1.4549
0.47,0.28,0.72,0.39,1770422916643,1.4546
0.47,0.28,0.72,0.53,1770422916673,1.4546
0.62,0.28,0.72,0.53,1770422916695,1.4546
0.62,0.28,0.72,0.38,1770422916705,1.4546
0.47,0.28,0.72,0.38,1770422916800,1.4546
0.47,0.28,0.72,0.53,1770422916802,1.4546
0.62,0.28,0.72,0.53,1770422917024,1.4546
0.62,0.28,0.72,0.38,1770422917055,1.4546
0.62,0.1,0.72,0.38,1770422919056,1.4549
0.62,0.28,0.72,0.38,1770422919062,1.4549
0.62,0.29,0.72,0.38,1770422919105,1.4549
0.62,0.28,0.71,0.38,1770422919166,1.4549
0.62,0.3,0.72,0.38,1770422919230,1.4541
0.62,0.3,0.7,0.38,1770422919252,1.4541
0.62,0.29,0.7,0.38,1770422919301,1.4541
0.62,0.29,0.9,0.38,1770422919648,1.4541
0.62,0.1,0.7,0.38,1770422919673,1.4541
0.62,0.3,0.7,0.38,1770422919674,1.4541
0.47,0.3,0.7,0.38,1770422919781,1.4541
0.47,0.31,0.7,0.53,1770422919783,1.4541
0.47,0.31,0.69,0.53,1770422919929,1.4541
0.57,0.31,0.69,0.53,1770422919963,1.4541
0.57,0.3,0.69,0.43,1770422919967,1.4541
0.57,0.3,0.9,0.43,1770422919988,1.4541
0.57,0.32,0.9,0.43,1770422920013,1.4541
0.57,0.32,0.68,0.43,1770422920014,1.4541
0.47,0.32,0.68,0.43,1770422920147,1.4541
0.47,0.32,0.68,0.53,1770422920251,1.4532
0.58,0.32,0.68,0.53,1770422920755,1.4532
0.58,0.32,0.68,0.42,1770422921554,1.4533
0.58,0.31,0.68,0.42,1770422921722,1.4533
0.58,0.31,0.86,0.42,1770422921726,1.4533
0.58,0.14,0.68,0.42,1770422921775,1.4533
0.58,0.33,0.68,0.42,1770422922171,1.4533
0.58,0.33,0.67,0.42,1770422922208,1.4533
0.58,0.14,0.67,0.42,1770422922209,1.4533
0.58,0.14,0.86,0.42,1770422922210,1.4533
0.58,0.14,0.67,0.42,1770422922251,1.4533
0.58,0.34,0.67,0.42,1770422922345,1.4529
0.58,0.34,0.66,0.42,1770422922376,1.4529
0.58,0.34,0.65,0.42,1770422922410,1.4529
0.58,0.35,0.65,0.42,1770422922435,1.4529
0.58,0.35,0.86,0.42,1770422922499,1.4529
0.58,0.14,0.66,0.42,1770422922523,1.4529
0.58,0.35,0.66,0.42,1770422922533,1.4529
0.58,0.35,0.65,0.42,1770422922666,1.4529
0.58,0.31,0.65,0.42,1770422925740,1.4528
0.58,0.33,0.69,0.42,1770422925801,1.4528
0.47,0.33,0.67,0.42,1770422925808,1.4528
0.47,0.33,0.67,0.53,1770422925829,1.4528
0.59,0.33,0.67,0.53,1770422925892,1.4528
0.59,0.33,0.67,0.41,1770422926036,1.4528
0.47,0.33,0.67,0.41,1770422926685,1.4539
0.47,0.29,0.67,0.53,1770422926691,1.4539
0.47,0.29,0.71,0.53,1770422926718,1.4539
0.47,0.29,0.85,0.53,1770422926724,1.4539
0.61,0.15,0.85,0.53,1770422926730,1.4539
0.61,0.15,0.72,0.39,1770422926756,1.4539
0.61,0.28,0.72,0.39,1770422927010,1.4539
0.47,0.28,0.72,0.39,1770422927059,1.4539
0.47,0.28,0.72,0.53,1770422927082,1.4539
0.62,0.28,0.72,0.53,1770422927111,1.4539
0.62,0.28,0.72,0.38,1770422927112,1.4539
0.47,0.28,0.72,0.38,1770422927148,1.4539
0.47,0.28,0.72,0.53,1770422927167,1.4539
0.61,0.28,0.72,0.53,1770422927297,1.4548
0.61,0.28,0.72,0.39,1770422927299,1.4548
0.47,0.28,0.72,0.39,1770422927376,1.4548
0.62,0.28,0.72,0.53,1770422927754,1.4548
0.62,0.28,0.72,0.38,1770422927794,1.4548
0.47,0.28,0.72,0.38,1770422928522,1.4551
0.47,0.28,0.72,0.53,1770422928548,1.4551
0.64,0.28,0.72,0.53,1770422928614,1.4551
0.64,0.28,0.72,0.36,1770422928796,1.4551
0.64,0.26,0.72,0.36,1770422934576,1.4547
0.47,0.26,0.74,0.36,1770422934662,1.4547
0.47,0.26,0.74,0.53,1770422934693,1.4547
0.47,0.26,0.9,0.53,1770422934695,1.4547
0.62,0.1,0.9,0.53,1770422934718,1.4547
0.62,0.1,0.73,0.38,1770422934728,1.4547
0.62,0.27,0.73,0.38,1770422934729,1.4547
0.62,0.29,0.73,0.38,1770422935024,1.4547
0.62,0.27,0.71,0.38,1770422935237,1.4547
0.62,0.27,0.9,0.38,1770422935238,1.4547
0.62,0.1,0.71,0.38,1770422935268,1.4547
0.62,0.29,0.9,0.38,1770422935338,1.454
0.62,0.3,0.9,0.38,1770422935351,1.454
0.62,0.3,0.7,0.38,1770422935385,1.454
0.47,0.3,0.7,0.38,1770422943672,1.4546
0.47,0.3,0.7,0.53,1770422943699,1.4546
0.47,0.24,0.7,0.53,1770422944886,1.4551
0.63,0.24,0.76,0.53,1770422945022,1.4551
0.63,0.24,0.76,0.37,1770422945056,1.4551
0.63,0.27,0.76,0.37,1770422945070,1.4551
0.63,0.27,0.73,0.37,1770422945071,1.4551
0.63,0.25,0.73,0.37,1770422946150,1.4553
0.63,0.25,0.9,0.37,1770422946224,1.4548
0.63,0.1,0.73,0.37,1770422946272,1.4548
0.63,0.29,0.73,0.37,1770422946419,1.4548
0.63,0.27,0.71,0.37,1770422946491,1.4548
0.63,0.27,0.73,0.37,1770422946492,1.4548
0.63,0.3,0.73,0.37,1770422946763,1.4548
0.63,0.3,0.7,0.37,1770422947090,1.4548
0.47,0.3,0.7,0.37,1770422948169,1.454
0.47,0.3,0.7,0.53,1770422948184,1.454
0.59,0.3,0.7,0.53,1770422948650,1.4541
0.59,0.3,0.7,0.41,1770422948651,1.4541
0.59,0.28,0.7,0.41,1770422948704,1.4541
0.59,0.28,0.72,0.41,1770422949709,1.4537
0.59,0.3,0.72,0.41,1770422949863,1.4537
0.59,0.28,0.7,0.41,1770422950179,1.4537
0.59,0.28,0.72,0.41,1770422950180,1.4537
0.59,0.28,0.9,0.41,1770422950186,1.4537
0.59,0.1,0.7,0.41,1770422950234,1.4537
0.59,0.3,0.7,0.41,1770422950349,1.4536
0.59,0.31,0.7,0.41,1770422950619,1.4536
0.59,0.3,0.69,0.41,1770422950767,1.4536
0.59,0.32,0.7,0.41,1770422950855,1.4536
0.59,0.3,0.68,0.41,1770422951123,1.4536
0.59,0.3,0.86,0.41,1770422951144,1.4536
0.59,0.14,0.86,0.41,1770422951145,1.4536
0.59,0.14,0.69,0.41,1770422951189,1.4536
0.59,0.33,0.69,0.41,1770422951850,1.453
0.59,0.33,0.67,0.41,1770422951851,1.453
0.59,0.31,0.67,0.41,1770422954003,1.4529
0.59,0.31,0.86,0.41,1770422954008,1.4529
0.59,0.14,0.86,0.41,1770422954009,1.4529
0.47,0.14,0.86,0.41,1770422954130,1.4529
0.47,0.34,0.66,0.53,1770422954131,1.4529
0.47,0.33,0.66,0.53,1770422954143,1.4529
0.47,0.33,0.86,0.53,1770422954146,1.4529
0.47,0.14,0.66,0.53,1770422954159,1.4529
0.54,0.34,0.66,0.53,1770422954234,1.4529
0.54,0.35,0.66,0.46,1770422954673,1.4523
0.54,0.35,0.65,0.46,1770422954674,1.4523
0.47,0.35,0.65,0.46,1770422955215,1.4523
0.55,0.35,0.65,0.53,1770422955338,1.4521
0.55,0.35,0.65,0.45,1770422955361,1.4521
0.47,0.35,0.65,0.45,1770422960189,1.4521
0.47,0.35,0.65,0.53,1770422960191,1.4521
0.56,0.35,0.65,0.53,1770422960297,1.4523
0.56,0.35,0.65,0.44,1770422960298,1.4523
0.47,0.35,0.65,0.44,1770422961198,1.4523
0.47,0.35,0.65,0.53,1770422961277,1.4526
0.58,0.35,0.65,0.53,1770422961567,1.4526
0.58,0.3,0.65,0.42,1770422962460,1.4534
0.58,0.3,0.7,0.42,1770422962461,1.4534
0.58,0.3,0.86,0.42,1770422962491,1.4534
0.58,0.14,0.71,0.42,1770422962520,1.4534
0.47,0.29,0.71,0.42,1770422962681,1.4534
0.47,0.3,0.71,0.53,1770422962690,1.4534
0.47,0.3,0.7,0.53,1770422962706,1.4534
0.59,0.3,0.7,0.53,1770422962739,1.4534
0.59,0.3,0.7,0.41,1770422962751,1.4534
0.59,0.28,0.7,0.41,1770422963892,1.4538
0.59,0.28,0.86,0.41,1770422963904,1.4538
0.59,0.14,0.86,0.41,1770422963917,1.4538
0.59,0.14,0.71,0.41,1770422963937,1.4538
0.59,0.31,0.71,0.41,1770422964164,1.4538
0.59,0.31,0.69,0.41,1770422964165,1.4538
0.47,0.31,0.69,0.41,1770422965578,1.4539
0.47,0.31,0.69,0.53,1770422965604,1.4539
0.6,0.31,0.69,0.53,1770422965689,1.4539
0.6,0.31,0.69,0.4,1770422966719,1.4542
0.47,0.31,0.69,0.4,1770422967143,1.4542
0.47,0.31,0.69,0.53,1770422967173,1.4542
0.61,0.31,0.69,0.53,1770422967992,1.4543
0.61,0.31,0.69,0.39,1770422968209,1.4543
0.47,0.31,0.69,0.39,1770422969176,1.4549
0.47,0.25,0.69,0.53,1770422969180,1.4549
0.47,0.25,0.75,0.53,1770422969208,1.4549
0.47,0.25,0.9,0.53,1770422969347,1.4549
0.47,0.1,0.76,0.53,1770422969379,1.4549
0.62,0.24,0.76,0.53,1770422969668,1.4549
0.62,0.26,0.76,0.38,1770422969888,1.4549
0.62,0.26,0.74,0.38,1770422970110,1.4549
0.47,0.26,0.74,0.38,1770422970207,1.4549
0.47,0.26,0.74,0.53,1770422970240,1.4549
0.62,0.26,0.74,0.53,1770422970557,1.4551
0.62,0.26,0.74,0.38,1770422970724,1.4551
0.62,0.23,0.74,0.38,1770422970751,1.4551
0.62,0.23,0.9,0.38,1770422970780,1.4551
0.62,0.1,0.9,0.38,1770422970781,1.4551
0.62,0.1,0.76,0.38,1770422970807,1.4551
0.62,0.24,0.76,0.38,1770422970808,1.4551
0.62,0.27,0.76,0.38,1770422970939,1.4551
0.62,0.27,0.73,0.38,1770422971708,1.455
0.62,0.24,0.73,0.38,1770422972750,1.4549
0.62,0.24,0.9,0.38,1770422972764,1.4549
0.62,0.1,0.75,0.38,1770422972795,1.4549
0.62,0.28,0.75,0.38,1770422972827,1.4549
0.62,0.28,0.72,0.38,1770422972828,1.4549
0.62,0.25,0.72,0.38,1770422973262,1.4546
0.62,0.25,0.9,0.38,1770422973290,1.4546
0.62,0.1,0.73,0.38,1770422973338,1.4546
0.62,0.29,0.73,0.38,1770422973348,1.4546
0.62,0.27,0.71,0.38,1770422973739,1.4546
0.62,0.29,0.73,0.38,1770422974533,1.4542
0.62,0.29,0.71,0.38,1770422974619,1.4542
0.47,0.29,0.71,0.38,1770422976997,1.4543
0.47,0.29,0.71,0.53,1770422976998,1.4543
0.47,0.26,0.71,0.53,1770422977004,1.4543
0.47,0.26,0.74,0.53,1770422977005,1.4543
0.47,0.26,0.9,0.53,1770422977023,1.4543
0.65,0.1,0.9,0.53,1770422977035,1.4543
0.65,0.1,0.9,0.35,1770422977036,1.4543
0.65,0.1,0.78,0.35,1770422977068,1.4543
0.65,0.26,0.78,0.35,1770422977075,1.4543
0.65,0.26,0.74,0.35,1770422977085,1.4543
0.47,0.26,0.74,0.35,1770422977140,1.4543
0.47,0.26,0.74,0.53,1770422977141,1.4543
0.65,0.26,0.74,0.53,1770422977216,1.4543
0.65,0.26,0.74,0.35,1770422978963,1.4562
0.47,0.26,0.74,0.35,1770422979687,1.4562
0.47,0.26,0.74,0.53,1770422979716,1.4562
0.65,0.26,0.74,0.53,1770422979810,1.4562
0.47,0.26,0.74,0.35,1770422980313,1.4562
0.47,0.26,0.74,0.53,1770422980326,1.4562
0.65,0.26,0.74,0.53,1770422980468,1.4561
0.65,0.26,0.74,0.35,1770422981212,1.4561
0.47,0.26,0.74,0.35,1770422982129,1.4564
0.47,0.26,0.74,0.53,1770422982160,1.4564
0.65,0.26,0.74,0.53,1770422982173,1.4564
0.65,0.26,0.74,0.35,1770422982702,1.4565
0.47,0.26,0.74,0.35,1770422982795,1.4565
0.66,0.26,0.74,0.53,1770422983072,1.4565
0.66,0.26,0.74,0.34,1770422983214,1.4565
0.66,0.23,0.74,0.34,1770422992730,1.456
0.47,0.23,0.77,0.34,1770422992910,1.456
0.47,0.27,0.77,0.53,1770422992918,1.456
0.47,0.27,0.73,0.53,1770422992937,1.456
0.64,0.27,0.73,0.53,1770422992965,1.456
0.64,0.27,0.73,0.36,1770422992978,1.456
0.64,0.24,0.73,0.36,1770422998888,1.4555
0.64,0.24,0.9,0.36,1770422998892,1.4555
0.64,0.1,0.9,0.36,1770422998893,1.4555
0.64,0.28,0.9,0.36,1770422998936,1.4555
0.64,0.28,0.72,0.36,1770422998937,1.4555
0.47,0.28,0.72,0.36,1770423002790,1.4557
0.47,0.28,0.72,0.53,1770423002818,1.4557
0.64,0.28,0.72,0.53,1770423003047,1.4557
0.47,0.28,0.72,0.36,1770423003840,1.4561
0.47,0.28,0.72,0.53,1770423003856,1.4561
0.47,0.1,0.72,0.53,1770423003868,1.4561
0.47,0.1,0.9,0.53,1770423003869,1.4561
0.65,0.1,0.9,0.53,1770423003876,1.4561
0.65,0.1,0.79,0.35,1770423003893,1.4561
0.65,0.21,0.79,0.35,1770423003903,1.4561
0.47,0.21,0.79,0.35,1770423003911,1.4561
0.47,0.21,0.79,0.53,1770423003937,1.4561
0.65,0.21,0.79,0.53,1770423004080,1.4561
0.65,0.21,0.79,0.35,1770423005210,1.4564
0.65,0.23,0.79,0.35,1770423006939,1.4563
0.47,0.23,0.77,0.35,1770423006960,1.4563
0.66,0.23,0.77,0.53,1770423006996,1.4563
0.66,0.23,0.77,0.34,1770423006997,1.4563
0.47,0.23,0.77,0.34,1770423008199,1.4565
0.47,0.23,0.77,0.53,1770423008256,1.4566
0.67,0.23,0.77,0.53,1770423008345,1.4566
0.47,0.23,0.77,0.33,1770423008406,1.4566
0.47,0.23,0.77,0.53,1770423008407,1.4566
0.68,0.23,0.77,0.53,1770423008478,1.4566
0.68,0.23,0.77,0.32,1770423008479,1.4566
0.47,0.23,0.77,0.32,1770423009400,1.4572
0.47,0.23,0.77,0.53,1770423009420,1.4572
0.69,0.23,0.77,0.53,1770423009648,1.4572
0.69,0.23,0.77,0.31,1770423009715,1.4572
0.47,0.23,0.77,0.31,1770423011902,1.458
0.47,0.16,0.77,0.53,1770423011907,1.458
0.47,0.16,0.94,0.53,1770423011951,1.458
0.47,0.06,0.85,0.53,1770423011985,1.458
0.71,0.15,0.85,0.53,1770423011987,1.458
0.71,0.15,0.85,0.29,1770423012145,1.458
0.71,0.19,0.85,0.29,1770423012250,1.458
0.71,0.19,0.81,0.29,1770423012415,1.4587
0.47,0.19,0.81,0.29,1770423012853,1.4587
0.72,0.19,0.81,0.53,1770423013157,1.4587
0.72,0.19,0.81,0.28,1770423016349,1.4593
0.4,0.19,0.81,0.28,1770423021188,1.4595
0.4,0.19,0.81,0.6,1770423021189,1.4595
0.4,0.19,0.81,0.59,1770423021214,1.4595
0.73,0.19,0.81,0.59,1770423021256,1.4597
0.73,0.19,0.81,0.27,1770423021257,1.4597
0.73,0.05,0.81,0.27,1770423027078,1.4596
0.4,0.05,0.95,0.27,1770423027086,1.4596
0.4,0.05,0.85,0.6,1770423027101,1.4596
0.4,0.15,0.85,0.59,1770423027113,1.4596
0.41,0.15,0.95,0.59,1770423027132,1.4596
0.71,0.05,0.84,0.29,1770423027159,1.4596
0.71,0.16,0.84,0.29,1770423027160,1.4596
0.71,0.2,0.84,0.29,1770423027245,1.4582
0.71,0.2,0.8,0.29,1770423028208,1.4582
0.71,0.16,0.8,0.29,1770423028281,1.4579
0.71,0.16,0.84,0.29,1770423028282,1.4579
0.71,0.21,0.84,0.29,1770423028372,1.4579
0.71,0.21,0.79,0.29,1770423028373,1.4579
0.71,0.16,0.79,0.29,1770423028439,1.4579
0.4,0.05,0.95,0.29,1770423028448,1.4579
0.4,0.05,0.82,0.6,1770423028461,1.4579
0.4,0.18,0.82,0.6,1770423028462,1.4579
0.4,0.18,0.82,0.59,1770423028474,1.4579
0.41,0.18,0.82,0.59,1770423028475,1.4579
0.66,0.18,0.82,0.59,1770423028650,1.4579
0.66,0.18,0.82,0.34,1770423028704,1.4579
0.66,0.23,0.82,0.34,1770423028809,1.4579
0.66,0.23,0.77,0.34,1770423028810,1.4579
0.41,0.23,0.77,0.34,1770423029029,1.4579
0.41,0.23,0.77,0.59,1770423029199,1.4579
0.67,0.23,0.77,0.59,1770423029446,1.4569
0.67,0.23,0.77,0.33,1770423029709,1.4569
0.67,0.06,0.77,0.33,1770423031170,1.457
0.67,0.06,0.8,0.33,1770423031194,1.457
0.67,0.2,0.8,0.33,1770423031256,1.457
0.67,0.24,0.8,0.33,1770423031409,1.4567
0.67,0.24,0.76,0.33,1770423031606,1.4567
0.67,0.21,0.76,0.33,1770423031715,1.4567
0.67,0.25,0.79,0.33,1770423031775,1.4567
0.67,0.21,0.75,0.33,1770423031845,1.4567
0.36,0.21,0.79,0.33,1770423031854,1.4567
0.36,0.21,0.94,0.64,1770423031861,1.4567
0.36,0.26,0.94,0.64,1770423031887,1.4567
0.36,0.26,0.74,0.64,1770423031894,1.4567
0.36,0.23,0.74,0.64,1770423031916,1.4567
0.62,0.23,0.77,0.64,1770423031923,1.4567
0.36,0.23,0.77,0.38,1770423031962,1.4567
0.36,0.23,0.77,0.64,1770423031963,1.4567
0.36,0.27,0.77,0.64,1770423031973,1.4567
0.63,0.27,0.73,0.64,1770423032018,1.4567
0.63,0.27,0.73,0.37,1770423032178,1.4567
0.36,0.27,0.73,0.37,1770423032345,1.4553
0.36,0.27,0.73,0.64,1770423032585,1.4553
0.64,0.27,0.73,0.64,1770423032587,1.4553
0.64,0.27,0.73,0.36,1770423032820,1.4553
0.36,0.27,0.73,0.36,1770423034368,1.4559
0.36,0.27,0.73,0.64,1770423034483,1.4559
0.65,0.27,0.73,0.64,1770423034517,1.4559
0.65,0.27,0.73,0.35,1770423034518,1.4559
0.36,0.27,0.73,0.35,1770423036878,1.4564
0.36,0.27,0.73,0.64,1770423037152,1.4564
0.65,0.27,0.73,0.64,1770423037245,1.4565
0.36,0.27,0.73,0.35,1770423038616,1.4565
0.36,0.2,0.73,0.64,1770423038631,1.4565
0.66,0.2,0.8,0.64,1770423038826,1.4565
0.66,0.22,0.8,0.34,1770423038864,1.4565
0.66,0.22,0.78,0.34,1770423038865,1.4565
0.36,0.22,0.78,0.34,1770423038866,1.4565
0.36,0.22,0.78,0.64,1770423038884,1.4565
0.67,0.22,0.78,0.64,1770423039068,1.4565
0.67,0.22,0.78,0.33,1770423039294,1.457
0.36,0.22,0.78,0.33,1770423039657,1.457
0.68,0.22,0.78,0.64,1770423040718,1.4573
0.68,0.22,0.78,0.32,1770423041349,1.4573
0.36,0.22,0.78,0.32,1770423041644,1.4573
0.36,0.22,0.78,0.64,1770423041756,1.4573
0.69,0.22,0.78,0.64,1770423042780,1.4578
0.69,0.22,0.78,0.31,1770423042781,1.4578
0.36,0.22,0.78,0.31,1770423043182,1.4578
0.36,0.22,0.78,0.64,1770423043183,1.4578
0.71,0.22,0.78,0.64,1770423043218,1.4578
0.71,0.22,0.78,0.29,1770423043237,1.4578
0.71,0.15,0.78,0.29,1770423043370,1.458
0.71,0.15,0.85,0.29,1770423043371,1.458
0.16,0.15,0.85,0.29,1770423043450,1.458
0.16,0.17,0.85,0.84,1770423043453,1.458
0.16,0.17,0.83,0.84,1770423043477,1.458
0.72,0.17,0.83,0.84,1770423043521,1.458
0.72,0.17,0.83,0.28,1770423043674,1.458
0.72,0.14,0.83,0.28,1770423044658,1.4591
0.72,0.14,0.94,0.28,1770423044726,1.4591
0.72,0.06,0.94,0.28,1770423044727,1.4591
0.72,0.18,0.94,0.28,1770423044729,1.4591
0.72,0.18,0.82,0.28,1770423044747,1.4591
0.72,0.15,0.82,0.28,1770423045262,1.4587
0.72,0.19,0.85,0.28,1770423045439,1.4587
0.72,0.19,0.81,0.28,1770423045445,1.4587
0.72,0.16,0.81,0.28,1770423046114,1.4587
0.72,0.19,0.84,0.28,1770423046207,1.4587
0.72,0.16,0.81,0.28,1770423046436,1.4579
0.72,0.16,0.84,0.28,1770423046587,1.4579
0.72,0.19,0.84,0.28,1770423046766,1.4579
0.72,0.19,0.81,0.28,1770423047299,1.4583
0.4,0.19,0.81,0.28,1770423056385,1.4594
0.72,0.19,0.81,0.6,1770423056421,1.4594
0.72,0.19,0.81,0.28,1770423056422,1.4594
0.4,0.19,0.81,0.28,1770423062617,1.4589
0.4,0.19,0.81,0.6,1770423062621,1.4589
0.4,0.19,0.81,0.59,1770423062646,1.4589
0.41,0.19,0.81,0.59,1770423062660,1.4589
0.73,0.19,0.81,0.59,1770423063028,1.4589
0.73,0.19,0.81,0.27,1770423063209,1.4589
0.4,0.19,0.81,0.27,1770423075437,1.4597
0.4,0.19,0.81,0.6,1770423075462,1.4597
0.4,0.19,0.81,0.59,1770423075471,1.4597
0.41,0.19,0.81,0.59,1770423075494,1.4597
0.74,0.19,0.81,0.59,1770423075708,1.4597
0.74,0.12,0.81,0.26,1770423075713,1.4597
0.74,0.15,0.88,0.26,1770423075806,1.4597
0.74,0.15,0.85,0.26,1770423076709,1.4601
0.74,0.12,0.85,0.26,1770423077322,1.4601
0.74,0.16,0.88,0.26,1770423077928,1.4601
0.74,0.16,0.84,0.26,1770423077929,1.4601
0.4,0.16,0.84,0.26,1770423083798,1.4601
0.4,0.16,0.84,0.59,1770423083825,1.4601
0.41,0.16,0.84,0.59,1770423084056,1.4601
0.75,0.16,0.84,0.59,1770423084125,1.4601
0.75,0.16,0.84,0.25,1770423084126,1.4601
0.75,0.12,0.84,0.25,1770423089362,1.4596
0.75,0.12,0.88,0.25,1770423089363,1.4596
0.75,0.12,0.95,0.25,1770423089561,1.4596
0.75,0.05,0.87,0.25,1770423089584,1.4596
0.75,0.17,0.87,0.25,1770423090164,1.4596
0.75,0.17,0.83,0.25,1770423090347,1.4592
0.4,0.17,0.83,0.25,1770423123631,1.4605
0.4,0.17,0.83,0.59,1770423123662,1.4605
0.41,0.17,0.83,0.59,1770423124534,1.4607
0.75,0.17,0.83,0.59,1770423124642,1.4607
0.75,0.17,0.83,0.25,1770423124708,1.4607
0.4,0.17,0.83,0.25,1770423125652,1.4603
0.4,0.17,0.83,0.59,1770423125683,1.4603
0.41,0.1,0.83,0.59,1770423127191,1.4607
0.76,0.1,0.9,0.59,1770423127197,1.4607
0.76,0.1,0.9,0.24,1770423127225,1.4607
0.76,0.12,0.9,0.24,1770423127294,1.4609
0.76,0.12,0.88,0.24,1770423127810,1.4609
0.4,0.12,0.88,0.24,1770423128316,1.4611
0.4,0.12,0.88,0.6,1770423128317,1.4611
0.4,0.12,0.88,0.59,1770423128345,1.4611
0.41,0.12,0.88,0.59,1770423128346,1.4611
0.77,0.12,0.88,0.59,1770423128353,1.4611
0.77,0.12,0.88,0.23,1770423128354,1.4611
0.41,0.12,0.88,0.23,1770423128956,1.4611
0.41,0.12,0.88,0.59,1770423129126,1.4611
0.78,0.12,0.88,0.59,1770423129134,1.4611
0.78,0.12,0.88,0.22,1770423129176,1.4611
0.4,0.12,0.88,0.22,1770423130254,1.4619
0.4,0.12,0.88,0.59,1770423130282,1.4619
0.41,0.12,0.88,0.59,1770423130283,1.4619
0.78,0.12,0.88,0.59,1770423131621,1.4622
0.78,0.12,0.88,0.22,1770423131622,1.4622
0.4,0.12,0.88,0.22,1770423132256,1.4622
0.4,0.13,0.88,0.6,1770423132282,1.4622
0.4,0.13,0.87,0.59,1770423132285,1.4622
0.41,0.13,0.87,0.59,1770423132286,1.4622
0.81,0.13,0.87,0.59,1770423132416,1.4622
0.81,0.13,0.87,0.19,1770423132468,1.4622
0.81,0.12,0.87,0.19,1770423133709,1.4628
0.81,0.12,0.88,0.19,1770423134673,1.463
0.45,0.12,0.88,0.19,1770423134743,1.463
0.45,0.05,0.88,0.55,1770423134744,1.463
0.45,0.05,0.95,0.55,1770423134767,1.463
0.82,0.05,0.95,0.55,1770423134792,1.463
0.82,0.06,0.95,0.18,1770423134831,1.463
0.45,0.06,0.94,0.18,1770423134833,1.463
0.45,0.06,0.94,0.55,1770423134834,1.463
0.84,0.06,0.94,0.55,1770423134881,1.463
0.84,0.06,0.94,0.16,1770423134905,1.463
0.5,0.06,0.94,0.16,1770423137357,1.4658
0.85,0.06,0.94,0.5,1770423137412,1.4658
0.85,0.06,0.94,0.15,1770423137424,1.4658
0.5,0.06,0.94,0.15,1770423137457,1.4658
0.5,0.06,0.94,0.5,1770423137458,1.4658
0.86,0.06,0.94,0.5,1770423137494,1.4658
0.86,0.05,0.94,0.14,1770423141555,1.4663
0.86,0.07,0.95,0.14,1770423141629,1.4663
0.86,0.07,0.93,0.14,1770423141630,1.4663
0.5,0.07,0.93,0.14,1770423141781,1.4663
0.5,0.05,0.93,0.5,1770423141811,1.4663
0.5,0.05,0.95,0.5,1770423141814,1.4663
0.81,0.05,0.95,0.5,1770423141891,1.4663
0.81,0.08,0.95,0.19,1770423142400,1.4653
0.81,0.08,0.92,0.19,1770423142401,1.4653
0.5,0.08,0.92,0.19,1770423143782,1.4649
0.82,0.08,0.92,0.5,1770423144080,1.4649
0.82,0.08,0.92,0.18,1770423145770,1.4654
0.82,0.07,0.92,0.18,1770423147255,1.4649
0.82,0.08,0.93,0.18,1770423147781,1.4649
0.82,0.08,0.92,0.18,1770423149835,1.4649
0.5,0.08,0.92,0.18,1770423149842,1.4649
0.5,0.08,0.92,0.5,1770423149863,1.4649
0.83,0.08,0.92,0.5,1770423149974,1.4649
0.5,0.08,0.92,0.17,1770423150068,1.4649
0.83,0.08,0.92,0.5,1770423150099,1.4649
0.83,0.08,0.92,0.17,1770423150116,1.4649
0.5,0.08,0.92,0.17,1770423150144,1.4649
0.5,0.07,0.92,0.5,1770423150154,1.4649
0.85,0.07,0.93,0.5,1770423150192,1.4649
0.85,0.07,0.93,0.15,1770423150236,1.4677
0.5,0.07,0.93,0.15,1770423150670,1.4677
0.5,0.07,0.93,0.5,1770423150671,1.4677
0.85,0.07,0.93,0.5,1770423150807,1.4677
0.85,0.07,0.93,0.15,1770423151215,1.4677
0.5,0.07,0.93,0.15,1770423151390,1.4677
0.86,0.07,0.93,0.5,1770423151443,1.4677
0.86,0.07,0.93,0.14,1770423151444,1.4677
0.5,0.07,0.93,0.14,1770423152491,1.4677
0.5,0.07,0.93,0.5,1770423152516,1.4677
0.88,0.07,0.93,0.5,1770423152525,1.4677
0.88,0.07,0.93,0.12,1770423152557,1.4677
0.55,0.07,0.93,0.12,1770423205351,1.4752
0.88,0.07,0.93,0.45,1770423205462,1.4752
0.55,0.07,0.93,0.12,1770423205570,1.4752
0.88,0.07,0.93,0.45,1770423205667,1.4752
0.88,0.07,0.93,0.12,1770423206022,1.4752
0.55,0.07,0.93,0.12,1770423206033,1.4752
0.89,0.07,0.93,0.45,1770423206080,1.4752
0.89,0.07,0.93,0.11,1770423206137,1.4752
0.6,0.07,0.93,0.11,1770423209967,1.4756
0.9,0.07,0.93,0.4,1770423210015,1.4756
0.9,0.07,0.93,0.1,1770423210052,1.4756
0.64,0.07,0.93,0.1,1770423218977,1.4792
0.64,0.07,0.93,0.36,1770423218978,1.4792
0.91,0.07,0.93,0.36,1770423219044,1.4792
0.91,0.07,0.93,0.09,1770423219091,1.4792
0.49,0.07,0.93,0.09,1770423290703,1.4808
0.49,0.07,0.93,0.51,1770423290704,1.4808
0.49,0.07,0.93,0.5,1770423290731,1.4808
0.5,0.07,0.93,0.5,1770423290736,1.4808
0.5,0.07,0.93,0.84,1770423295978,1.4781
0.16,0.07,0.93,0.84,1770423296003,1.4781
0.44,0.07,0.93,0.84,1770423296429,1.4777
0.44,0.07,0.93,0.56,1770423297209,1.4777
0.44,0.07,0.93,0.55,1770423297242,1.4777
0.45,0.07,0.93,0.55,1770423297950,1.4782
0.45,0.07,0.93,0.84,1770423298714,1.4788
0.16,0.07,0.93,0.84,1770423298741,1.4788
0.89,0.07,0.93,0.84,1770423311055,1.4772
0.89,0.07,0.93,0.11,1770423311056,1.4772
0.16,0.07,0.93,0.11,1770423318238,1.4772
0.16,0.07,0.93,0.84,1770423318265,1.4773
0.16,0.07,0.93,0.83,1770423318266,1.4773
0.9,0.07,0.93,0.83,1770423318312,1.4773
0.9,0.07,0.93,0.1,1770423319710,1.4774
0.16,0.07,0.93,0.1,1770423362345,1.4789
0.16,0.07,0.93,0.84,1770423362346,1.4789
0.16,0.07,0.93,0.83,1770423362371,1.4789
0.17,0.07,0.93,0.83,1770423362373,1.4789
0.17,0.06,0.93,0.83,1770423362490,1.4789
0.91,0.06,0.94,0.83,1770423362555,1.4789
0.91,0.06,0.94,0.09,1770423363709,1.4793
0.16,0.06,0.94,0.09,1770423388305,1.4828
0.16,0.06,0.94,0.84,1770423388334,1.4828
0.16,0.06,0.94,0.83,1770423388336,1.4828
0.92,0.06,0.94,0.83,1770423388366,1.4828
0.92,0.05,0.94,0.08,1770423388398,1.4828
0.92,0.05,0.95,0.08,1770423389210,1.4828
0.16,0.05,0.95,0.08,1770423429131,1.4798
0.16,0.05,0.95,0.84,1770423429143,1.4798
0.16,0.05,0.95,0.83,1770423429180,1.4798
0.17,0.06,0.95,0.83,1770423429181,1.4798
0.88,0.06,0.94,0.83,1770423429368,1.4788
0.88,0.06,0.94,0.12,1770423429369,1.4788
0.88,0.05,0.94,0.12,1770423430209,1.4788
0.16,0.05,0.95,0.12,1770423439720,1.4748
0.16,0.05,0.95,0.84,1770423439724,1.4748
0.16,0.06,0.95,0.84,1770423439739,1.4748
0.86,0.06,0.94,0.83,1770423439763,1.4748
0.86,0.06,0.94,0.14,1770423439901,1.4748
0.86,0.05,0.94,0.14,1770423441795,1.4733
0.86,0.05,0.95,0.14,1770423441807,1.4733
0.86,0.07,0.95,0.14,1770423441882,1.4733
0.16,0.07,0.93,0.14,1770423441926,1.4733
0.16,0.05,0.93,0.84,1770423441991,1.4733
0.16,0.05,0.95,0.84,1770423442012,1.4733
0.16,0.08,0.95,0.84,1770423442014,1.4733
0.81,0.08,0.92,0.84,1770423442033,1.4733
0.81,0.08,0.92,0.19,1770423442034,1.4733
0.16,0.08,0.92,0.19,1770423442498,1.4709
0.82,0.08,0.92,0.84,1770423442554,1.4709
0.82,0.08,0.92,0.18,1770423443214,1.4709
0.82,0.05,0.92,0.18,1770423444881,1.4711
0.82,0.08,0.95,0.18,1770423444961,1.4711
0.82,0.05,0.92,0.18,1770423445683,1.471
0.82,0.05,0.95,0.18,1770423445684,1.471
0.82,0.09,0.95,0.18,1770423445719,1.471
0.82,0.09,0.91,0.18,1770423445720,1.471
0.82,0.05,0.91,0.18,1770423446233,1.471
0.16,0.05,0.95,0.18,1770423446239,1.471
0.16,0.05,0.95,0.83,1770423446268,1.4708
0.17,0.06,0.95,0.83,1770423446269,1.4708
0.17,0.1,0.94,0.83,1770423446276,1.4708
0.17,0.1,0.9,0.83,1770423446277,1.4708
0.78,0.1,0.9,0.83,1770423446310,1.4708
0.78,0.06,0.9,0.22,1770423446313,1.4708
0.78,0.06,0.94,0.22,1770423446314,1.4708
0.78,0.11,0.94,0.22,1770423446366,1.4708
0.78,0.11,0.89,0.22,1770423446367,1.4708
0.78,0.06,0.89,0.22,1770423446747,1.4708
0.78,0.11,0.94,0.22,1770423446790,1.4708
0.78,0.06,0.89,0.22,1770423446888,1.4708
0.78,0.12,0.94,0.22,1770423446945,1.4708
0.78,0.12,0.88,0.22,1770423447174,1.4708
0.78,0.06,0.88,0.22,1770423447268,1.4686
0.78,0.05,0.94,0.22,1770423447298,1.4686
0.78,0.12,0.95,0.22,1770423447316,1.4686
0.78,0.05,0.88,0.22,1770423447756,1.4686
0.78,0.13,0.95,0.22,1770423447850,1.4686
0.78,0.05,0.87,0.22,1770423449247,1.4671
0.78,0.14,0.95,0.22,1770423449316,1.4682
0.78,0.14,0.86,0.22,1770423449317,1.4682
0.16,0.14,0.86,0.22,1770423450385,1.4682
0.78,0.14,0.86,0.84,1770423450427,1.4682
0.16,0.14,0.86,0.22,1770423450565,1.4682
0.79,0.14,0.86,0.84,1770423450675,1.4682
0.79,0.14,0.86,0.21,1770423450676,1.4682
0.79,0.05,0.86,0.21,1770423450972,1.4682
0.16,0.05,0.95,0.21,1770423451039,1.4682
0.16,0.05,0.95,0.84,1770423451040,1.4682
0.16,0.09,0.95,0.84,1770423451047,1.4682
0.16,0.09,0.91,0.83,1770423451067,1.4682
0.17,0.09,0.91,0.83,1770423451079,1.4682
0.8,0.09,0.91,0.83,1770423451107,1.4682
0.8,0.06,0.91,0.2,1770423451262,1.4703
0.8,0.1,0.94,0.2,1770423451299,1.4703
0.8,0.1,0.9,0.2,1770423451407,1.4703
0.16,0.1,0.9,0.2,1770423453382,1.4724
0.81,0.1,0.9,0.84,1770423453423,1.4724
0.16,0.1,0.9,0.19,1770423455619,1.4736
0.82,0.1,0.9,0.84,1770423455711,1.4736
0.82,0.05,0.9,0.18,1770423460811,1.4737
0.82,0.11,0.95,0.18,1770423460885,1.4737
0.16,0.11,0.89,0.18,1770423461344,1.472
0.78,0.11,0.89,0.84,1770423461525,1.472
0.78,0.11,0.89,0.22,1770423461526,1.472
0.78,0.05,0.89,0.22,1770423462764,1.4717
0.16,0.05,0.95,0.22,1770423462917,1.4717
0.16,0.05,0.95,0.83,1770423462942,1.4717
0.17,0.06,0.95,0.83,1770423462943,1.4717
0.8,0.06,0.94,0.83,1770423462980,1.4717
0.8,0.09,0.94,0.2,1770423463147,1.4717
0.8,0.09,0.91,0.2,1770423463148,1.4717
0.16,0.09,0.91,0.2,1770423465383,1.4714
0.81,0.09,0.91,0.84,1770423465427,1.4714
0.16,0.09,0.91,0.19,1770423466026,1.4714
0.82,0.09,0.91,0.84,1770423466109,1.4714
0.16,0.09,0.91,0.18,1770423466551,1.4729
0.83,0.09,0.91,0.84,1770423466597,1.4729
0.83,0.05,0.91,0.17,1770423470133,1.4732
0.83,0.1,0.95,0.17,1770423470183,1.4732
0.83,0.1,0.9,0.17,1770423476819,1.4727
0.83,0.05,0.9,0.17,1770423481632,1.4735
0.83,0.06,0.95,0.17,1770423481780,1.4735
0.83,0.05,0.94,0.17,1770423484616,1.4736
0.83,0.06,0.95,0.17,1770423485498,1.473
0.83,0.05,0.94,0.17,1770423485554,1.473
0.83,0.07,0.95,0.17,1770423485614,1.473
0.83,0.07,0.93,0.17,1770423485615,1.473
0.83,0.05,0.93,0.17,1770423486088,1.473
0.83,0.05,0.95,0.17,1770423486089,1.473
0.83,0.08,0.95,0.17,1770423486212,1.473
0.38,0.08,0.92,0.17,1770423495637,1.4736
0.84,0.08,0.92,0.62,1770423495689,1.4736
0.84,0.08,0.92,0.16,1770423496472,1.475
0.38,0.08,0.92,0.16,1770423497533,1.4752
0.85,0.08,0.92,0.62,1770423497673,1.4752
0.85,0.08,0.92,0.15,1770423522692,1.475
0.56,0.08,0.92,0.15,1770423547730,1.4729
0.56,0.08,0.92,0.44,1770423547731,1.4729
0.83,0.08,0.92,0.44,1770423547790,1.4729
0.83,0.05,0.92,0.17,1770423547799,1.4729
0.83,0.08,0.95,0.17,1770423547879,1.4729
0.56,0.08,0.92,0.17,1770423556072,1.4734
0.84,0.08,0.92,0.44,1770423556259,1.4734
0.84,0.08,0.92,0.16,1770423560649,1.4753
0.38,0.08,0.92,0.16,1770423561018,1.4753
0.85,0.08,0.92,0.62,1770423561098,1.4753
0.85,0.08,0.92,0.14,1770423567995,1.4746
0.86,0.08,0.92,0.14,1770423568376,1.4746
0.38,0.08,0.92,0.14,1770423576822,1.4753
0.38,0.08,0.92,0.62,1770423576823,1.4753
0.83,0.08,0.92,0.62,1770423577061,1.4753
0.83,0.05,0.92,0.17,1770423584670,1.4733
0.83,0.09,0.95,0.17,1770423585173,1.4733
0.83,0.09,0.91,0.17,1770423591275,1.4732
0.83,0.05,0.91,0.17,1770423601964,1.4724
0.38,0.05,0.95,0.17,1770423602184,1.4724
0.38,0.05,0.95,0.62,1770423602185,1.4724
0.38,0.1,0.95,0.62,1770423602195,1.4724
0.38,0.1,0.9,0.62,1770423602228,1.4724
0.38,0.1,0.9,0.61,1770423602231,1.4724
0.79,0.1,0.9,0.61,1770423602263,1.4724
0.79,0.06,0.9,0.21,1770423602345,1.4713
0.79,0.11,0.94,0.21,1770423602382,1.4713
0.79,0.06,0.89,0.21,1770423603231,1.4713
0.79,0.06,0.94,0.21,1770423603254,1.4713
0.79,0.05,0.94,0.21,1770423603292,1.4694
0.79,0.12,0.95,0.21,1770423603327,1.4694
0.79,0.05,0.88,0.21,1770423606325,1.4696
0.79,0.05,0.95,0.21,1770423606326,1.4696
0.79,0.13,0.95,0.21,1770423606442,1.4696
0.79,0.05,0.87,0.21,1770423606676,1.4696
0.79,0.13,0.95,0.21,1770423606727,1.4696
0.79,0.05,0.87,0.21,1770423609175,1.4695
0.38,0.05,0.95,0.21,1770423609176,1.4695
0.38,0.05,0.95,0.62,1770423609186,1.4695
0.38,0.06,0.95,0.62,1770423609196,1.4695
0.38,0.14,0.94,0.62,1770423609201,1.4695
0.38,0.14,0.86,0.62,1770423609220,1.4695
0.75,0.14,0.86,0.62,1770423609300,1.4685
0.38,0.14,0.86,0.25,1770423609454,1.4685
0.75,0.14,0.86,0.62,1770423609553,1.4685
0.38,0.14,0.86,0.25,1770423610116,1.4685
0.76,0.14,0.86,0.62,1770423610175,1.4685
0.76,0.14,0.86,0.24,1770423610176,1.4685
0.38,0.14,0.86,0.24,1770423610347,1.4682
0.76,0.14,0.86,0.62,1770423610457,1.4682
0.76,0.05,0.86,0.24,1770423614524,1.4688
0.76,0.15,0.95,0.24,1770423614615,1.4688
0.76,0.15,0.85,0.24,1770423614641,1.4688
0.38,0.15,0.85,0.24,1770423618563,1.468
0.76,0.15,0.85,0.62,1770423618657,1.468
0.38,0.15,0.85,0.24,1770423620588,1.4685
0.77,0.15,0.85,0.62,1770423620640,1.4685
0.38,0.15,0.85,0.23,1770423621956,1.4687
0.77,0.15,0.85,0.62,1770423622060,1.4687
0.77,0.15,0.85,0.23,1770423622061,1.4687
0.38,0.15,0.85,0.23,1770423622156,1.4687
0.38,0.15,0.85,0.62,1770423622157,1.4687
0.78,0.15,0.85,0.62,1770423622227,1.4699
0.78,0.05,0.85,0.22,1770423623130,1.4699
0.78,0.11,0.95,0.22,1770423623187,1.4699
0.78,0.05,0.89,0.22,1770423626910,1.47
0.78,0.12,0.95,0.22,1770423626981,1.47
0.38,0.12,0.88,0.22,1770423630238,1.4702
0.79,0.12,0.88,0.62,1770423630313,1.4702
0.79,0.12,0.88,0.21,1770423630314,1.4702
0.38,0.12,0.88,0.21,1770423632633,1.4709
0.38,0.12,0.88,0.62,1770423632634,1.4709
0.8,0.12,0.88,0.62,1770423632994,1.4709
0.8,0.12,0.88,0.2,1770423632995,1.4709
0.8,0.06,0.88,0.2,1770423639013,1.4695
0.8,0.13,0.94,0.2,1770423639179,1.4695
0.38,0.13,0.87,0.2,1770423642235,1.4692
0.79,0.13,0.87,0.62,1770423642277,1.4691
0.38,0.13,0.87,0.21,1770423651308,1.4704
0.8,0.13,0.87,0.62,1770423651447,1.4704
0.8,0.13,0.87,0.2,1770423652236,1.4704
0.8,0.06,0.87,0.2,1770423652925,1.4714
0.8,0.06,0.94,0.2,1770423652926,1.4714
0.8,0.09,0.94,0.2,1770423653028,1.4714
0.5,0.09,0.91,0.2,1770423653440,1.4716
0.5,0.1,0.91,0.5,1770423653466,1.4716
0.5,0.1,0.9,0.5,1770423653471,1.4716
0.81,0.1,0.9,0.5,1770423653621,1.4716
0.81,0.1,0.9,0.19,1770423653657,1.4716
0.81,0.06,0.9,0.19,1770423668313,1.47
0.81,0.11,0.94,0.19,1770423668426,1.47
0.81,0.11,0.89,0.19,1770423668427,1.47
0.81,0.06,0.89,0.19,1770423669094,1.47
0.81,0.06,0.94,0.19,1770423669095,1.47
0.81,0.12,0.94,0.19,1770423669211,1.47
0.81,0.06,0.88,0.19,1770423691082,1.4717
0.81,0.08,0.94,0.19,1770423691357,1.4724
0.5,0.08,0.92,0.19,1770423693884,1.4724
0.5,0.09,0.92,0.5,1770423693914,1.4724
0.5,0.09,0.91,0.5,1770423693987,1.4724
0.81,0.09,0.91,0.5,1770423694077,1.4724
0.81,0.09,0.91,0.19,1770423694203,1.4724
0.81,0.06,0.91,0.19,1770423699931,1.4709
0.81,0.06,0.94,0.19,1770423699932,1.4709
0.81,0.1,0.94,0.19,1770423700011,1.4709
0.5,0.1,0.9,0.19,1770423709988,1.4725
0.5,0.1,0.9,0.5,1770423709989,1.4725
0.5,0.11,0.9,0.5,1770423710020,1.4725
0.82,0.11,0.89,0.5,1770423710320,1.4728
0.82,0.1,0.89,0.18,1770423711210,1.4728
0.82,0.1,0.9,0.18,1770423713607,1.473
0.5,0.1,0.9,0.18,1770423718621,1.4736
0.5,0.1,0.9,0.5,1770423718648,1.4736
0.5,0.11,0.9,0.5,1770423718654,1.4736
0.82,0.11,0.89,0.5,1770423718815,1.4736
0.82,0.1,0.89,0.18,1770423719710,1.4737
0.82,0.1,0.9,0.18,1770423725739,1.4724
0.5,0.1,0.9,0.18,1770423728770,1.473
0.5,0.11,0.9,0.5,1770423728783,1.473
0.5,0.11,0.89,0.5,1770423728784,1.473
0.5,0.11,0.89,0.49,1770423728786,1.473
0.83,0.11,0.89,0.49,1770423728860,1.473
0.51,0.11,0.89,0.17,1770423730090,1.4729
0.51,0.11,0.89,0.49,1770423730091,1.4729
0.51,0.05,0.89,0.5,1770423730116,1.4729
0.5,0.05,0.95,0.5,1770423730117,1.4729
0.84,0.05,0.95,0.5,1770423730128,1.4729
0.84,0.05,0.95,0.16,1770423730153,1.4729
0.84,0.06,0.94,0.16,1770423730895,1.4737
0.51,0.06,0.94,0.16,1770423730954,1.4737
0.51,0.06,0.94,0.49,1770423730997,1.4737
0.84,0.06,0.94,0.49,1770423731001,1.4737
0.84,0.06,0.94,0.16,1770423731076,1.4737
0.5,0.06,0.94,0.16,1770423734399,1.4734
0.5,0.06,0.94,0.5,1770423734400,1.4734
0.5,0.07,0.94,0.5,1770423734433,1.4734
0.85,0.07,0.93,0.5,1770423734438,1.4734
0.85,0.07,0.93,0.15,1770423734439,1.4734
0.5,0.07,0.93,0.15,1770423780858,1.4739
0.5,0.07,0.93,0.49,1770423780887,1.4739
0.85,0.08,0.92,0.49,1770423780891,1.4739
0.85,0.07,0.92,0.15,1770423782219,1.4745
0.5,0.07,0.93,0.15,1770423784169,1.4745
0.5,0.08,0.93,0.5,1770423784196,1.4745
0.5,0.08,0.92,0.49,1770423784199,1.4745
0.51,0.08,0.92,0.49,1770423784200,1.4745
0.86,0.08,0.92,0.49,1770423784335,1.4746
0.86,0.08,0.92,0.14,1770423784458,1.4746
0.86,0.07,0.92,0.14,1770423785267,1.4746
0.86,0.07,0.93,0.14,1770423785268,1.4746
0.86,0.06,0.93,0.14,1770423785298,1.475
0.86,0.06,0.94,0.14,1770423785366,1.475
0.5,0.06,0.94,0.14,1770423787033,1.4762
0.87,0.06,0.94,0.5,1770423787162,1.4762
0.87,0.06,0.94,0.13,1770423790745,1.4767
0.5,0.06,0.94,0.13,1770423792502,1.4781
0.88,0.06,0.94,0.5,1770423792583,1.4781
0.88,0.06,0.94,0.12,1770423792584,1.4781
0.51,0.06,0.94,0.12,1770423906198,1.4737
0.51,0.06,0.94,0.48,1770423906227,1.4737
0.52,0.07,0.94,0.48,1770423906228,1.4737
0.87,0.07,0.93,0.48,1770423906235,1.4737
0.87,0.07,0.93,0.13,1770423906236,1.4737
0.51,0.07,0.93,0.13,1770423918658,1.4724
0.51,0.07,0.93,0.48,1770423918690,1.4724
0.52,0.08,0.93,0.48,1770423918691,1.4724
0.52,0.08,0.92,0.48,1770423918692,1.4724
0.83,0.08,0.92,0.48,1770423919683,1.4723
0.83,0.08,0.92,0.17,1770423919684,1.4723
0.83,0.06,0.92,0.17,1770423920209,1.4723
0.83,0.06,0.94,0.17,1770423920210,1.4723
0.83,0.07,0.94,0.17,1770423922480,1.4718
0.83,0.07,0.93,0.17,1770423922481,1.4718
0.83,0.08,0.93,0.17,1770423922544,1.4718
0.83,0.08,0.92,0.17,1770423922699,1.4718
0.52,0.08,0.92,0.17,1770423929903,1.4727
0.83,0.08,0.92,0.48,1770423929961,1.4727
0.83,0.08,0.92,0.17,1770423929962,1.4727
0.52,0.08,0.92,0.17,1770423939681,1.4725
0.84,0.08,0.92,0.48,1770423940094,1.4725
0.84,0.08,0.92,0.16,1770423954308,1.4701
0.84,0.06,0.92,0.16,1770423954353,1.4701
0.84,0.06,0.94,0.16,1770423954384,1.4701
0.84,0.09,0.94,0.16,1770423954470,1.4701
0.84,0.09,0.91,0.16,1770423954604,1.4701
0.84,0.1,0.91,0.16,1770423955751,1.4692
0.84,0.1,0.9,0.16,1770423955763,1.4692
0.84,0.06,0.9,0.16,1770423961177,1.4708
0.84,0.11,0.94,0.16,1770423961206,1.4708
0.84,0.11,0.89,0.16,1770423961241,1.4708
0.84,0.1,0.89,0.16,1770423962712,1.4718
0.84,0.11,0.9,0.16,1770423964212,1.4715
0.84,0.11,0.89,0.16,1770423965679,1.4713
0.84,0.06,0.89,0.16,1770423965701,1.4713
0.84,0.06,0.94,0.16,1770423965745,1.4713
0.84,0.08,0.94,0.16,1770423965839,1.4713
0.84,0.08,0.92,0.16,1770423967212,1.4704
0.84,0.09,0.92,0.16,1770423967241,1.4704
0.84,0.09,0.91,0.16,1770423967333,1.4706
0.5,0.09,0.91,0.16,1770423979947,1.4691
0.8,0.09,0.91,0.5,1770423980856,1.4691
0.8,0.09,0.91,0.2,1770423980899,1.4691
0.8,0.06,0.91,0.2,1770423980930,1.4691
0.8,0.06,0.94,0.2,1770423980952,1.4691
0.8,0.1,0.94,0.2,1770423980991,1.4691
0.8,0.1,0.9,0.2,1770423980992,1.4691
0.8,0.11,0.9,0.2,1770423982246,1.4685
0.8,0.11,0.89,0.2,1770423982287,1.4685
0.5,0.11,0.89,0.2,1770423983092,1.4691
0.8,0.11,0.89,0.5,1770423983211,1.4691
0.8,0.11,0.89,0.2,1770423983731,1.4698
0.8,0.06,0.89,0.2,1770424003018,1.4678
0.8,0.07,0.94,0.2,1770424003043,1.4678
0.8,0.07,0.93,0.2,1770424003050,1.4678
0.8,0.12,0.93,0.2,1770424003055,1.4678
0.8,0.12,0.88,0.2,1770424004213,1.4675
0.8,0.06,0.88,0.2,1770424022274,1.4667
0.8,0.07,0.94,0.2,1770424022317,1.4667
0.51,0.13,0.87,0.2,1770424022327,1.4667
0.51,0.07,0.87,0.49,1770424022428,1.4667
0.75,0.14,0.93,0.25,1770424022499,1.4667
0.75,0.14,0.86,0.25,1770424022500,1.4667
0.5,0.14,0.86,0.25,1770424023837,1.4653
0.5,0.14,0.86,0.5,1770424023838,1.4653
0.76,0.14,0.86,0.5,1770424024169,1.4653
0.76,0.14,0.86,0.24,1770424024170,1.4653
0.5,0.14,0.86,0.24,1770424026586,1.4656
0.77,0.14,0.86,0.5,1770424026653,1.4656
0.5,0.14,0.86,0.23,1770424028932,1.466
0.5,0.14,0.86,0.5,1770424028933,1.466
0.78,0.14,0.86,0.5,1770424028989,1.466
0.78,0.14,0.86,0.22,1770424041809,1.4648
0.78,0.06,0.86,0.22,1770424042476,1.4642
0.78,0.07,0.94,0.22,1770424042505,1.4642
0.78,0.07,0.93,0.22,1770424042506,1.4642
0.51,0.07,0.93,0.22,1770424042536,1.4642
0.77,0.07,0.93,0.49,1770424042581,1.4642
0.77,0.15,0.93,0.23,1770424042977,1.4642
0.77,0.07,0.85,0.23,1770424043159,1.4642
0.51,0.07,0.93,0.23,1770424043165,1.4642
0.51,0.07,0.93,0.49,1770424043203,1.4642
0.72,0.07,0.93,0.49,1770424043224,1.4642
0.72,0.16,0.93,0.28,1770424043270,1.4642
0.72,0.16,0.84,0.28,1770424043287,1.4642
0.51,0.16,0.84,0.28,1770424043342,1.4639
0.51,0.16,0.84,0.49,1770424043343,1.4639
0.72,0.16,0.84,0.49,1770424043386,1.4639
0.51,0.16,0.84,0.28,1770424043504,1.4639
0.72,0.16,0.84,0.49,1770424043735,1.4639
0.72,0.16,0.84,0.28,1770424043743,1.4639
0.5,0.16,0.84,0.28,1770424044104,1.4639
0.73,0.16,0.84,0.5,1770424044320,1.4631
0.73,0.06,0.84,0.27,1770424049123,1.4632
0.73,0.07,0.94,0.27,1770424049154,1.4632
0.73,0.17,0.93,0.27,1770424049178,1.4632
0.73,0.17,0.83,0.27,1770424049190,1.4632
0.73,0.07,0.83,0.27,1770424050145,1.4629
0.73,0.07,0.93,0.27,1770424050146,1.4629
0.73,0.18,0.93,0.27,1770424050255,1.4629
0.73,0.18,0.82,0.27,1770424050256,1.4629
0.73,0.07,0.82,0.27,1770424063329,1.462
0.73,0.07,0.93,0.27,1770424063334,1.462
0.73,0.08,0.93,0.27,1770424063354,1.462
0.73,0.19,0.92,0.27,1770424063367,1.462
0.73,0.19,0.81,0.27,1770424063387,1.462
0.73,0.08,0.81,0.27,1770424063456,1.462
0.73,0.19,0.92,0.27,1770424063508,1.462
0.73,0.19,0.81,0.27,1770424063674,1.462
0.73,0.08,0.81,0.27,1770424064663,1.4616
0.5,0.08,0.92,0.27,1770424064769,1.4616
0.5,0.2,0.92,0.5,1770424064778,1.4616
0.5,0.2,0.8,0.5,1770424064801,1.4616
0.69,0.2,0.8,0.5,1770424065004,1.4616
0.69,0.08,0.8,0.31,1770424066121,1.4612
0.69,0.08,0.93,0.31,1770424066179,1.4612
0.69,0.21,0.93,0.31,1770424066195,1.4612
0.69,0.21,0.79,0.31,1770424066224,1.4612
0.69,0.07,0.79,0.31,1770424066926,1.4607
0.69,0.07,0.9,0.31,1770424066957,1.4607
0.69,0.22,0.9,0.31,1770424067267,1.4607
0.69,0.1,0.78,0.31,1770424068735,1.46
0.69,0.1,0.93,0.31,1770424068788,1.46
0.69,0.07,0.89,0.31,1770424068813,1.46
0.69,0.23,0.89,0.31,1770424068887,1.46
0.69,0.23,0.77,0.31,1770424069028,1.46
0.5,0.23,0.77,0.31,1770424073039,1.461
0.69,0.23,0.77,0.5,1770424073254,1.462
0.69,0.23,0.77,0.31,1770424073398,1.462
0.69,0.07,0.77,0.31,1770424086390,1.461
0.69,0.07,0.93,0.31,1770424086391,1.461
0.5,0.08,0.93,0.5,1770424086427,1.461
0.5,0.08,0.92,0.5,1770424086447,1.461
0.7,0.08,0.92,0.5,1770424086612,1.461
0.7,0.19,0.92,0.3,1770424087141,1.461
0.7,0.19,0.81,0.3,1770424087711,1.4617
0.7,0.06,0.81,0.3,1770424091165,1.4613
0.7,0.07,0.94,0.3,1770424091199,1.4613
0.7,0.07,0.93,0.3,1770424091210,1.4613
0.7,0.2,0.93,0.3,1770424091258,1.4613
0.7,0.2,0.8,0.3,1770424091282,1.4613
0.7,0.08,0.8,0.3,1770424102473,1.4612
0.7,0.08,0.95,0.3,1770424102504,1.4612
0.7,0.09,0.95,0.3,1770424102505,1.4612
0.7,0.21,0.91,0.3,1770424102528,1.4612
0.7,0.09,0.79,0.3,1770424102590,1.4612
0.7,0.21,0.91,0.3,1770424102638,1.4612
0.7,0.09,0.79,0.3,1770424103061,1.4612
0.7,0.09,0.91,0.3,1770424103462,1.4601
0.7,0.09,0.9,0.3,1770424103484,1.4601
0.7,0.1,0.9,0.3,1770424103517,1.4601
0.7,0.11,0.9,0.3,1770424103715,1.4601
0.7,0.22,0.89,0.3,1770424103798,1.4601
0.7,0.22,0.78,0.3,1770424103799,1.4601
0.5,0.22,0.78,0.3,1770424104070,1.4601
0.5,0.11,0.78,0.5,1770424104071,1.4601
0.68,0.11,0.89,0.5,1770424104118,1.4601
0.68,0.11,0.89,0.32,1770424104187,1.4601
0.68,0.23,0.89,0.32,1770424104224,1.4601
0.68,0.23,0.77,0.32,1770424104227,1.4601
0.68,0.11,0.77,0.32,1770424105177,1.4593
0.68,0.23,0.89,0.32,1770424105282,1.4593
0.68,0.23,0.77,0.32,1770424105306,1.4593
0.68,0.11,0.77,0.32,1770424105451,1.4593
0.68,0.11,0.89,0.32,1770424105476,1.4593
0.68,0.23,0.89,0.32,1770424106214,1.4593
0.68,0.23,0.77,0.32,1770424106710,1.4589
0.68,0.1,0.77,0.32,1770424113592,1.4597
0.68,0.1,0.9,0.32,1770424113593,1.4597
0.68,0.1,0.95,0.32,1770424113610,1.4597
0.68,0.05,0.88,0.32,1770424113636,1.4597
0.68,0.24,0.88,0.32,1770424113655,1.4597
0.68,0.24,0.76,0.32,1770424113671,1.4597
0.68,0.05,0.76,0.32,1770424115152,1.4591
0.5,0.05,0.95,0.32,1770424115153,1.4591
0.5,0.06,0.95,0.5,1770424115178,1.4591
0.5,0.06,0.94,0.5,1770424115179,1.4591
0.66,0.06,0.94,0.5,1770424115197,1.4591
0.66,0.06,0.87,0.34,1770424115206,1.4591
0.66,0.25,0.87,0.34,1770424115448,1.4585
0.66,0.25,0.75,0.34,1770424116210,1.4585
0.66,0.13,0.75,0.34,1770424125062,1.4583
0.66,0.25,0.87,0.34,1770424125411,1.4581
0.66,0.25,0.75,0.34,1770424127420,1.4583
0.66,0.12,0.75,0.34,1770424134945,1.4593
0.66,0.12,0.95,0.34,1770424134958,1.4593
0.66,0.06,0.95,0.34,1770424134973,1.4593
0.66,0.26,0.94,0.34,1770424134984,1.4593
0.66,0.26,0.74,0.34,1770424135000,1.4593
0.66,0.13,0.74,0.34,1770424138585,1.4587
0.5,0.13,0.95,0.5,1770424138594,1.4587
0.63,0.05,0.95,0.5,1770424138617,1.4587
0.63,0.14,0.95,0.37,1770424138620,1.4587
0.63,0.14,0.83,0.37,1770424138648,1.4587
0.63,0.28,0.83,0.37,1770424138673,1.4587
0.63,0.17,0.72,0.37,1770424138886,1.4587
0.63,0.29,0.83,0.37,1770424138942,1.4587
0.63,0.29,0.71,0.37,1770424138943,1.4587
0.63,0.17,0.71,0.37,1770424139004,1.4587
0.63,0.17,0.83,0.37,1770424139005,1.4587
0.58,0.17,0.83,0.5,1770424139136,1.4587
0.58,0.3,0.83,0.42,1770424139212,1.4587
0.58,0.17,0.7,0.42,1770424139313,1.456
0.58,0.17,0.83,0.42,1770424139314,1.456
0.58,0.3,0.83,0.42,1770424139381,1.456
0.5,0.3,0.7,0.42,1770424139552,1.456
0.59,0.3,0.7,0.5,1770424139612,1.456
0.59,0.3,0.7,0.41,1770424139708,1.456
0.5,0.3,0.7,0.41,1770424139805,1.456
0.5,0.3,0.7,0.5,1770424139806,1.456
0.6,0.3,0.7,0.5,1770424139852,1.456
0.5,0.3,0.7,0.4,1770424140134,1.456
0.61,0.3,0.7,0.5,1770424140177,1.456
0.5,0.3,0.7,0.39,1770424140707,1.4569
0.5,0.3,0.7,0.5,1770424140708,1.4569
0.62,0.3,0.7,0.5,1770424141017,1.4569
0.62,0.3,0.7,0.38,1770424143809,1.4569
0.62,0.14,0.7,0.38,1770424172448,1.4576
0.63,0.14,0.86,0.5,1770424174173,1.4579
0.63,0.25,0.86,0.37,1770424174626,1.4579
0.63,0.25,0.75,0.37,1770424174931,1.4579
0.5,0.25,0.75,0.37,1770424175365,1.4581
0.5,0.25,0.75,0.5,1770424175387,1.4581
0.64,0.25,0.75,0.5,1770424175428,1.4581
0.5,0.25,0.75,0.36,1770424176295,1.4584
0.65,0.25,0.75,0.5,1770424176400,1.4584
0.65,0.25,0.75,0.35,1770424176726,1.4584
0.5,0.25,0.75,0.35,1770424178186,1.4592
0.65,0.25,0.75,0.5,1770424178446,1.4592
0.5,0.25,0.75,0.35,1770424184600,1.4593
0.66,0.25,0.75,0.5,1770424184644,1.4593
0.66,0.25,0.75,0.34,1770424187804,1.4593
0.5,0.25,0.75,0.34,1770424188485,1.4592
0.5,0.25,0.75,0.5,1770424188509,1.4592
0.67,0.25,0.75,0.5,1770424189386,1.46
0.5,0.25,0.75,0.33,1770424189610,1.46
0.5,0.09,0.91,0.49,1770424189638,1.46
0.51,0.1,0.91,0.49,1770424189639,1.46
0.67,0.1,0.9,0.49,1770424189806,1.46
0.67,0.22,0.9,0.33,1770424189861,1.46
0.67,0.22,0.78,0.33,1770424189875,1.46
0.67,0.1,0.78,0.33,1770424189956,1.46
0.67,0.23,0.9,0.33,1770424190038,1.46
0.67,0.23,0.77,0.33,1770424190081,1.46
0.67,0.1,0.77,0.33,1770424190143,1.46
0.67,0.24,0.9,0.33,1770424190211,1.46
0.67,0.24,0.76,0.33,1770424190214,1.46
0.51,0.24,0.76,0.33,1770424190438,1.4591
0.51,0.11,0.76,0.49,1770424190439,1.4591
0.51,0.11,0.89,0.49,1770424190713,1.4591
0.7,0.11,0.89,0.49,1770424213248,1.4617
0.7,0.11,0.95,0.3,1770424213279,1.461
0.7,0.05,0.92,0.3,1770424213308,1.461
0.7,0.18,0.92,0.3,1770424213522,1.461
0.7,0.18,0.82,0.3,1770424213546,1.461
0.5,0.18,0.82,0.3,1770424213956,1.461
0.71,0.18,0.82,0.5,1770424214114,1.461
0.5,0.18,0.82,0.29,1770424214597,1.4613
0.5,0.18,0.82,0.5,1770424214674,1.4613
0.72,0.18,0.82,0.5,1770424214688,1.4613
0.72,0.18,0.82,0.28,1770424214700,1.4613
0.5,0.18,0.82,0.28,1770424217339,1.4621
0.5,0.18,0.82,0.5,1770424217383,1.4621
0.73,0.18,0.82,0.5,1770424217389,1.4621
0.73,0.18,0.82,0.27,1770424221218,1.4621
0.73,0.08,0.82,0.27,1770424222246,1.461
0.73,0.09,0.92,0.27,1770424222281,1.461
0.73,0.09,0.91,0.27,1770424222282,1.461
0.73,0.19,0.91,0.27,1770424222510,1.461
0.73,0.19,0.81,0.27,1770424222511,1.461
0.73,0.05,0.81,0.27,1770424230232,1.4609
0.73,0.06,0.95,0.27,1770424230262,1.4606
0.73,0.06,0.91,0.27,1770424230274,1.4606
0.73,0.19,0.91,0.27,1770424231077,1.4606
0.73,0.19,0.81,0.27,1770424231709,1.4603
0.5,0.19,0.81,0.27,1770424252393,1.4626
0.5,0.06,0.81,0.5,1770424252398,1.4626
0.5,0.2,0.94,0.5,1770424252461,1.4626
0.74,0.2,0.8,0.5,1770424252593,1.4626
0.74,0.2,0.8,0.26,1770424252995,1.4626
0.74,0.18,0.8,0.26,1770424253715,1.4627
0.74,0.18,0.82,0.26,1770424260793,1.4623
0.74,0.07,0.82,0.26,1770424261766,1.4616
0.74,0.07,0.95,0.26,1770424261776,1.4616
0.74,0.08,0.95,0.26,1770424261802,1.4616
0.74,0.08,0.92,0.26,1770424261813,1.4616
0.74,0.18,0.92,0.26,1770424261898,1.4616
0.5,0.18,0.82,0.26,1770424262555,1.461
0.7,0.08,0.92,0.5,1770424262646,1.461
0.7,0.19,0.92,0.3,1770424262691,1.461
0.7,0.19,0.81,0.3,1770424262692,1.461
0.5,0.19,0.81,0.3,1770424263103,1.461
0.5,0.19,0.81,0.5,1770424263125,1.461
0.71,0.19,0.81,0.5,1770424263246,1.4611
0.71,0.19,0.81,0.29,1770424263247,1.4611
0.5,0.19,0.81,0.29,1770424265987,1.4611
0.72,0.19,0.81,0.5,1770424266038,1.4611
0.5,0.19,0.81,0.28,1770424266246,1.462
0.5,0.19,0.81,0.5,1770424266247,1.462
0.73,0.19,0.81,0.5,1770424266303,1.462
0.5,0.19,0.81,0.27,1770424266479,1.462
0.5,0.07,0.81,0.5,1770424266482,1.462
0.5,0.07,0.95,0.5,1770424266487,1.462
0.5,0.2,0.95,0.5,1770424266510,1.462
0.5,0.2,0.8,0.5,1770424266561,1.462
0.74,0.2,0.8,0.5,1770424266801,1.462
0.74,0.2,0.8,0.26,1770424266859,1.462
0.74,0.07,0.8,0.26,1770424283995,1.4617
0.74,0.18,0.93,0.26,1770424284048,1.4617
0.74,0.18,0.82,0.26,1770424284156,1.4617
0.5,0.18,0.82,0.26,1770424315024,1.4605
0.5,0.05,0.91,0.5,1770424315064,1.4605
0.73,0.09,0.91,0.5,1770424315111,1.4605
0.73,0.09,0.91,0.27,1770424315112,1.4605
0.73,0.18,0.91,0.27,1770424315148,1.4605
0.73,0.09,0.82,0.27,1770424322564,1.4605
0.73,0.18,0.91,0.27,1770424323088,1.4605
0.73,0.18,0.82,0.27,1770424323491,1.4602
0.5,0.18,0.82,0.27,1770424329226,1.461
0.73,0.18,0.82,0.5,1770424329372,1.4609
0.5,0.18,0.82,0.27,1770424329614,1.4609
0.74,0.18,0.82,0.5,1770424330769,1.4606
0.5,0.18,0.82,0.26,1770424332583,1.4606
0.74,0.18,0.82,0.5,1770424332651,1.4606
0.74,0.18,0.82,0.26,1770424333274,1.4603
0.74,0.11,0.82,0.26,1770424342626,1.4587
0.5,0.11,0.89,0.26,1770424342633,1.4587
0.5,0.12,0.95,0.5,1770424342654,1.4587
0.5,0.12,0.88,0.5,1770424342675,1.4587
0.69,0.12,0.88,0.5,1770424342755,1.4587
0.69,0.19,0.88,0.31,1770424342797,1.4587
0.69,0.12,0.81,0.31,1770424343329,1.4584
0.69,0.2,0.88,0.31,1770424343510,1.4584
0.69,0.2,0.8,0.31,1770424343717,1.4584
0.5,0.2,0.8,0.31,1770424343821,1.4584
0.7,0.2,0.8,0.5,1770424343872,1.4584
0.7,0.2,0.8,0.3,1770424343876,1.4584
0.7,0.13,0.8,0.3,1770424352842,1.4584
0.7,0.13,0.87,0.3,1770424352874,1.4584
0.7,0.13,0.94,0.3,1770424352891,1.4584
0.7,0.06,0.86,0.3,1770424352926,1.4584
0.7,0.21,0.86,0.3,1770424352949,1.4584
0.7,0.21,0.79,0.3,1770424352950,1.4584
0.7,0.14,0.79,0.3,1770424353040,1.4584
0.7,0.14,0.94,0.3,1770424353383,1.4575
0.5,0.22,0.78,0.3,1770424353394,1.4575
0.5,0.22,0.78,0.5,1770424353405,1.4575
0.5,0.16,0.78,0.5,1770424353487,1.4575
0.65,0.16,0.84,0.5,1770424353496,1.4575
0.65,0.24,0.84,0.35,1770424354015,1.4575
0.65,0.24,0.76,0.35,1770424354043,1.4575
0.65,0.18,0.76,0.35,1770424354174,1.4575
0.65,0.24,0.82,0.35,1770424354424,1.4563
0.65,0.18,0.76,0.35,1770424354955,1.4563
0.65,0.25,0.82,0.35,1770424355134,1.4563
0.65,0.25,0.75,0.35,1770424355967,1.4562
0.65,0.19,0.75,0.35,1770424356010,1.4562
0.65,0.26,0.81,0.35,1770424356163,1.4562
0.65,0.26,0.74,0.35,1770424356205,1.4562
0.65,0.05,0.74,0.35,1770424356231,1.4557
0.65,0.05,0.8,0.35,1770424356234,1.4557
0.65,0.2,0.95,0.35,1770424356621,1.4557
0.65,0.05,0.95,0.35,1770424356622,1.4557
0.65,0.27,0.95,0.35,1770424356625,1.4557
0.65,0.27,0.73,0.35,1770424356657,1.4557
0.65,0.21,0.73,0.35,1770424356872,1.4557
0.5,0.21,0.79,0.5,1770424356873,1.4557
0.5,0.05,0.78,0.5,1770424356899,1.4557
0.61,0.22,0.78,0.5,1770424357429,1.4548
0.61,0.27,0.78,0.39,1770424357514,1.4548
0.61,0.27,0.73,0.39,1770424357518,1.4548
0.5,0.27,0.73,0.39,1770424357606,1.4548
0.62,0.27,0.73,0.5,1770424357784,1.4548
0.62,0.27,0.73,0.38,1770424359464,1.4552
0.62,0.22,0.73,0.38,1770424359626,1.4552
0.62,0.22,0.95,0.38,1770424359914,1.4552
0.62,0.29,0.95,0.38,1770424359924,1.4552
0.62,0.29,0.71,0.38,1770424359938,1.4552
0.62,0.05,0.71,0.38,1770424360156,1.4552
0.62,0.05,0.95,0.38,1770424360157,1.4552
0.62,0.05,0.75,0.38,1770424360188,1.4552
0.62,0.25,0.95,0.38,1770424360601,1.4543
0.62,0.29,0.95,0.38,1770424360605,1.4543
0.62,0.29,0.71,0.38,1770424360606,1.4543
0.62,0.24,0.71,0.38,1770424360745,1.4543
0.62,0.3,0.76,0.38,1770424361137,1.4543
0.62,0.3,0.7,0.38,1770424361162,1.4543
0.5,0.3,0.7,0.38,1770424371575,1.4546
0.5,0.24,0.7,0.5,1770424371576,1.4546
0.59,0.24,0.76,0.5,1770424371675,1.4546
0.59,0.24,0.95,0.41,1770424371676,1.4546
0.59,0.05,0.79,0.41,1770424371710,1.4546
0.5,0.21,0.79,0.41,1770424371711,1.4546
0.5,0.28,0.79,0.5,1770424371724,1.4546
0.62,0.28,0.72,0.5,1770424371756,1.4546
0.62,0.28,0.72,0.38,1770424372794,1.4552
0.62,0.2,0.72,0.38,1770424375075,1.4556
0.62,0.2,0.95,0.38,1770424375100,1.4556
0.62,0.05,0.78,0.38,1770424375127,1.4556
0.62,0.29,0.78,0.38,1770424375139,1.4556
0.62,0.29,0.71,0.38,1770424375415,1.4548
0.62,0.22,0.71,0.38,1770424376247,1.4546
0.62,0.22,0.9,0.38,1770424376279,1.4546
0.62,0.1,0.77,0.38,1770424376303,1.4546
0.62,0.3,0.77,0.38,1770424376374,1.4546
0.5,0.3,0.7,0.38,1770424376518,1.4546
0.5,0.23,0.9,0.5,1770424376536,1.4546
0.5,0.1,0.75,0.5,1770424376564,1.4546
0.57,0.25,0.75,0.5,1770424376690,1.4546
0.57,0.25,0.75,0.43,1770424376691,1.4546
0.57,0.32,0.75,0.43,1770424377168,1.4546
0.57,0.32,0.68,0.43,1770424377205,1.4546
0.57,0.1,0.68,0.43,1770424377206,1.4546
0.57,0.1,0.72,0.43,1770424377224,1.4538
0.57,0.33,0.72,0.43,1770424377261,1.4538
0.57,0.33,0.67,0.43,1770424377287,1.4538
0.57,0.29,0.67,0.43,1770424378608,1.4533
0.57,0.34,0.71,0.43,1770424378736,1.4533
0.57,0.34,0.66,0.43,1770424379156,1.4533
0.57,0.1,0.66,0.43,1770424379159,1.4533
0.57,0.1,0.7,0.43,1770424379186,1.4533
0.57,0.3,0.7,0.43,1770424379210,1.4533
0.57,0.34,0.7,0.43,1770424379280,1.4527
0.57,0.34,0.66,0.43,1770424379296,1.4527
0.5,0.34,0.66,0.43,1770424380407,1.4529
0.5,0.34,0.66,0.5,1770424380410,1.4529
0.5,0.24,0.66,0.5,1770424380411,1.4529
0.5,0.24,0.76,0.5,1770424380412,1.4529
0.59,0.24,0.76,0.5,1770424380513,1.4529
0.59,0.24,0.85,0.41,1770424380584,1.4529
0.59,0.29,0.85,0.41,1770424380600,1.4529
0.59,0.29,0.71,0.41,1770424380609,1.4529
0.5,0.29,0.71,0.41,1770424380788,1.4529
0.5,0.29,0.71,0.5,1770424380789,1.4529
0.61,0.29,0.71,0.5,1770424380862,1.4529
0.5,0.29,0.71,0.39,1770424381324,1.4551
0.5,0.29,0.71,0.5,1770424381341,1.4551
0.62,0.29,0.71,0.5,1770424381439,1.4551
0.5,0.29,0.71,0.38,1770424381493,1.4551
0.5,0.29,0.71,0.5,1770424381521,1.4551
0.62,0.29,0.71,0.5,1770424381534,1.4551
0.62,0.29,0.71,0.38,1770424381549,1.4551
0.5,0.29,0.71,0.38,1770424384185,1.455
0.5,0.29,0.71,0.5,1770424384201,1.455
0.63,0.29,0.71,0.5,1770424384274,1.455
0.5,0.29,0.71,0.37,1770424384359,1.4556
0.64,0.19,0.81,0.5,1770424384500,1.4556
0.5,0.19,0.81,0.36,1770424384701,1.4556
0.5,0.24,0.81,0.5,1770424384705,1.4556
0.5,0.24,0.76,0.5,1770424384733,1.4556
0.65,0.24,0.76,0.5,1770424384785,1.4556
0.65,0.24,0.76,0.35,1770424384786,1.4556
0.5,0.24,0.76,0.35,1770424385062,1.4556
0.5,0.24,0.76,0.5,1770424385063,1.4556
0.66,0.24,0.76,0.5,1770424385121,1.4556
0.66,0.24,0.76,0.34,1770424385152,1.4556
0.5,0.24,0.76,0.34,1770424387066,1.4566
0.67,0.24,0.76,0.5,1770424387120,1.4566
0.67,0.24,0.76,0.33,1770424387130,1.4566
0.5,0.24,0.76,0.33,1770424387176,1.4566
0.5,0.24,0.76,0.5,1770424387214,1.4566
0.5,0.13,0.76,0.5,1770424387389,1.4574
0.69,0.13,0.87,0.5,1770424387390,1.4574
0.69,0.2,0.87,0.31,1770424387482,1.4574
0.69,0.2,0.8,0.31,1770424387506,1.4574
0.5,0.2,0.8,0.31,1770424387759,1.4574
0.5,0.2,0.8,0.5,1770424387844,1.4574
0.7,0.2,0.8,0.5,1770424387923,1.4574
0.5,0.2,0.8,0.3,1770424387998,1.4574
0.71,0.2,0.8,0.5,1770424388094,1.4574
0.71,0.2,0.8,0.29,1770424388096,1.4574
0.5,0.2,0.8,0.29,1770424388697,1.4601
0.5,0.2,0.8,0.5,1770424388735,1.4601
0.72,0.2,0.8,0.5,1770424388977,1.4601
0.72,0.2,0.8,0.28,1770424389034,1.4601
0.58,0.2,0.8,0.28,1770424392099,1.4596
0.58,0.11,0.95,0.42,1770424392107,1.4596
0.58,0.05,0.87,0.42,1770424392147,1.4596
0.7,0.13,0.87,0.42,1770424392171,1.4596
0.7,0.21,0.87,0.3,1770424392209,1.4596
0.7,0.21,0.79,0.3,1770424392239,1.4596
0.7,0.12,0.79,0.3,1770424392700,1.4585
0.7,0.12,0.88,0.3,1770424392724,1.4585
0.7,0.12,0.95,0.3,1770424392743,1.4585
0.7,0.05,0.89,0.3,1770424392782,1.4585
0.7,0.21,0.89,0.3,1770424392848,1.4585
0.7,0.11,0.79,0.3,1770424393105,1.4585
0.7,0.11,0.95,0.3,1770424393163,1.4585
0.7,0.22,0.95,0.3,1770424393184,1.4585
0.7,0.22,0.78,0.3,1770424393185,1.4585
0.7,0.13,0.78,0.3,1770424393321,1.4584
0.58,0.13,0.87,0.3,1770424393322,1.4584
0.65,0.13,0.87,0.42,1770424393441,1.4584
0.65,0.13,0.95,0.35,1770424393686,1.4584
0.65,0.23,0.95,0.35,1770424393694,1.4584
0.65,0.23,0.77,0.35,1770424393718,1.4584
0.58,0.23,0.77,0.35,1770424393783,1.4584
0.66,0.23,0.77,0.42,1770424393871,1.4584
0.66,0.23,0.77,0.34,1770424393885,1.4584
0.66,0.13,0.77,0.34,1770424394305,1.4578
0.66,0.13,0.95,0.34,1770424394312,1.4578
0.66,0.05,0.86,0.34,1770424394352,1.4578
0.66,0.14,0.95,0.34,1770424394435,1.4578
0.66,0.05,0.85,0.34,1770424394472,1.4578
0.66,0.15,0.85,0.34,1770424394590,1.4578
0.66,0.24,0.85,0.34,1770424394657,1.4578
0.66,0.15,0.76,0.34,1770424394895,1.4578
0.66,0.15,0.95,0.34,1770424394911,1.4578
0.66,0.05,0.95,0.34,1770424394912,1.4578
0.66,0.05,0.84,0.34,1770424394939,1.4578
0.66,0.16,0.84,0.34,1770424394940,1.4578
0.66,0.25,0.84,0.34,1770424394967,1.4578
0.66,0.25,0.75,0.34,1770424395041,1.4578
0.66,0.17,0.75,0.34,1770424403773,1.4571
0.66,0.26,0.83,0.34,1770424403839,1.4571
0.66,0.26,0.74,0.34,1770424403894,1.4571
0.66,0.18,0.74,0.34,1770424403948,1.4571
0.5,0.18,0.82,0.34,1770424403949,1.4571
0.62,0.05,0.95,0.5,1770424403988,1.4571
0.62,0.05,0.78,0.38,1770424404003,1.4571
0.62,0.28,0.78,0.38,1770424404028,1.4571
0.5,0.28,0.72,0.5,1770424404036,1.4571
0.6,0.28,0.72,0.5,1770424404067,1.4571
0.6,0.28,0.72,0.4,1770424404080,1.4571
0.5,0.28,0.72,0.4,1770424404100,1.4571
0.5,0.28,0.72,0.5,1770424404101,1.4571
0.61,0.28,0.72,0.5,1770424404246,1.4571
0.61,0.28,0.72,0.39,1770424404847,1.4555
0.61,0.05,0.72,0.39,1770424405138,1.4555
0.61,0.05,0.95,0.39,1770424405139,1.4555
0.61,0.05,0.78,0.39,1770424405161,1.4555
0.61,0.29,0.78,0.39,1770424405184,1.4555
0.61,0.22,0.71,0.39,1770424405270,1.455
0.61,0.29,0.78,0.39,1770424405317,1.455
0.61,0.29,0.71,0.39,1770424405336,1.455
0.5,0.29,0.71,0.39,1770424405337,1.455
0.5,0.05,0.71,0.5,1770424405355,1.455
0.5,0.05,0.75,0.5,1770424405386,1.455
0.59,0.25,0.75,0.5,1770424405389,1.455
0.59,0.33,0.75,0.41,1770424405451,1.455
0.59,0.33,0.67,0.41,1770424405518,1.455
0.59,0.27,0.67,0.41,1770424405687,1.455
0.5,0.27,0.73,0.41,1770424405688,1.455
0.5,0.27,0.95,0.5,1770424405714,1.455
0.58,0.05,0.95,0.5,1770424405723,1.455
0.58,0.05,0.74,0.42,1770424405742,1.455
0.58,0.33,0.74,0.42,1770424405806,1.455
0.58,0.33,0.67,0.42,1770424405807,1.455
0.58,0.05,0.67,0.42,1770424405993,1.455
0.5,0.05,0.95,0.42,1770424406009,1.455
0.5,0.05,0.72,0.5,1770424406026,1.455
0.5,0.28,0.95,0.5,1770424406043,1.455
0.56,0.05,0.95,0.5,1770424406089,1.455
0.56,0.05,0.71,0.44,1770424406090,1.455
0.56,0.29,0.95,0.44,1770424406134,1.455
0.56,0.36,0.95,0.44,1770424406155,1.455
0.56,0.36,0.64,0.44,1770424406160,1.455
0.56,0.05,0.64,0.44,1770424406842,1.4528
0.5,0.05,0.75,0.5,1770424406854,1.4528
0.5,0.25,0.95,0.5,1770424406870,1.4528
0.5,0.05,0.95,0.5,1770424406871,1.4528
0.57,0.05,0.95,0.5,1770424406901,1.4528
0.5,0.05,0.95,0.43,1770424406929,1.4528
0.5,0.05,0.76,0.5,1770424406933,1.4528
0.5,0.3,0.76,0.5,1770424406943,1.4528
0.5,0.24,0.7,0.5,1770424407063,1.4528
0.5,0.24,0.76,0.5,1770424407064,1.4528
0.58,0.24,0.76,0.5,1770424407071,1.4528
0.58,0.24,0.95,0.42,1770424407091,1.4528
0.58,0.05,0.77,0.42,1770424407129,1.4528
0.5,0.23,0.77,0.42,1770424407154,1.4528
0.5,0.23,0.77,0.5,1770424407155,1.4528
0.5,0.23,0.95,0.5,1770424407160,1.4528
0.5,0.3,0.95,0.5,1770424407163,1.4528
0.5,0.3,0.7,0.5,1770424407248,1.4528
0.59,0.3,0.7,0.5,1770424407318,1.4545
0.59,0.3,0.7,0.41,1770424407345,1.4545
0.5,0.3,0.7,0.41,1770424407602,1.4545
0.5,0.3,0.7,0.5,1770424407606,1.4545
0.6,0.3,0.7,0.5,1770424407644,1.4545
0.6,0.3,0.7,0.4,1770424407650,1.4545
0.5,0.3,0.7,0.4,1770424408093,1.4545
0.61,0.3,0.7,0.5,1770424408224,1.4545
0.61,0.3,0.7,0.39,1770424408506,1.4558
0.5,0.3,0.7,0.39,1770424409474,1.4556
0.61,0.3,0.7,0.5,1770424409733,1.4556
0.5,0.3,0.7,0.39,1770424410522,1.4557
0.5,0.3,0.7,0.5,1770424410523,1.4557
0.5,0.05,0.7,0.5,1770424410552,1.4557
0.63,0.05,0.95,0.5,1770424410559,1.4557
0.63,0.05,0.95,0.37,1770424410560,1.4557
0.63,0.05,0.83,0.37,1770424410569,1.4557
0.63,0.25,0.83,0.37,1770424410679,1.4557
0.63,0.17,0.75,0.37,1770424410938,1.4557
0.63,0.17,0.83,0.37,1770424411271,1.4562
0.63,0.25,0.83,0.37,1770424411334,1.4562
0.5,0.25,0.75,0.37,1770424411336,1.4562
0.5,0.25,0.75,0.5,1770424411341,1.4562
0.64,0.25,0.75,0.5,1770424411433,1.4562
0.64,0.25,0.75,0.36,1770424411434,1.4562
0.5,0.25,0.75,0.36,1770424411717,1.4562
0.5,0.25,0.75,0.5,1770424411719,1.4562
0.65,0.25,0.75,0.5,1770424411759,1.4562
0.5,0.25,0.75,0.35,1770424411855,1.4562
0.5,0.25,0.75,0.5,1770424411856,1.4562
0.65,0.25,0.75,0.5,1770424411900,1.4562
0.65,0.25,0.75,0.35,1770424412004,1.4562
0.5,0.25,0.75,0.35,1770424412154,1.4562
0.5,0.25,0.75,0.5,1770424412155,1.4562
0.67,0.25,0.75,0.5,1770424412218,1.4562
0.67,0.25,0.75,0.33,1770424412423,1.4571
0.67,0.12,0.75,0.33,1770424414726,1.458
0.68,0.12,0.88,0.5,1770424414765,1.458
0.68,0.12,0.95,0.32,1770424414776,1.458
0.68,0.05,0.89,0.32,1770424414838,1.458
0.68,0.2,0.89,0.32,1770424414942,1.458
0.68,0.2,0.8,0.32,1770424414943,1.458
0.5,0.2,0.8,0.32,1770424414944,1.458
0.5,0.2,0.8,0.5,1770424414946,1.458
0.69,0.2,0.8,0.5,1770424415092,1.458
0.69,0.2,0.8,0.31,1770424415106,1.458
0.5,0.2,0.8,0.31,1770424415243,1.4589
0.69,0.2,0.8,0.5,1770424415454,1.4589
0.69,0.2,0.8,0.31,1770424415455,1.4589
0.5,0.2,0.8,0.31,1770424417051,1.4587
0.5,0.2,0.8,0.5,1770424417083,1.4587
0.7,0.2,0.8,0.5,1770424417163,1.4587
0.7,0.2,0.8,0.3,1770424418276,1.4592
0.7,0.1,0.8,0.3,1770424418324,1.4592
0.7,0.21,0.9,0.3,1770424418475,1.4593
0.7,0.21,0.79,0.3,1770424418479,1.4593
0.7,0.11,0.79,0.3,1770424418537,1.4593
0.7,0.22,0.89,0.3,1770424418595,1.4593
0.7,0.22,0.78,0.3,1770424418636,1.4593
0.5,0.22,0.78,0.3,1770424424832,1.4582
0.5,0.11,0.95,0.5,1770424424841,1.4582
0.5,0.05,0.88,0.5,1770424424870,1.4582
0.65,0.12,0.88,0.5,1770424425006,1.4582
0.65,0.12,0.95,0.35,1770424425008,1.4582
0.65,0.05,0.87,0.35,1770424425033,1.4582
0.65,0.13,0.87,0.35,1770424425034,1.4582
0.65,0.24,0.87,0.35,1770424425062,1.4582
0.65,0.24,0.76,0.35,1770424425395,1.4574
0.5,0.24,0.76,0.35,1770424425398,1.4574
0.5,0.24,0.76,0.5,1770424425427,1.4574
0.66,0.24,0.76,0.5,1770424425841,1.4574
0.66,0.24,0.76,0.34,1770424427106,1.4578
0.5,0.24,0.76,0.34,1770424429041,1.4579
0.5,0.24,0.76,0.5,1770424429069,1.4579
0.66,0.24,0.76,0.5,1770424429346,1.4578
0.66,0.24,0.76,0.34,1770424429909,1.4578
0.5,0.24,0.76,0.34,1770424432256,1.4578
0.67,0.24,0.76,0.5,1770424432355,1.4578
0.5,0.24,0.76,0.33,1770424432508,1.4578
0.5,0.24,0.76,0.5,1770424432509,1.4578
0.68,0.24,0.76,0.5,1770424432736,1.4578
0.68,0.24,0.76,0.32,1770424435798,1.4586
0.68,0.09,0.76,0.32,1770424440784,1.4578
0.5,0.09,0.91,0.5,1770424441086,1.4578
0.69,0.09,0.91,0.5,1770424441223,1.4578
0.69,0.09,0.91,0.31,1770424441224,1.4578
0.69,0.2,0.91,0.31,1770424441342,1.4592
0.69,0.09,0.8,0.31,1770424441596,1.4592
0.69,0.09,0.95,0.31,1770424441638,1.4592
0.69,0.21,0.95,0.31,1770424441667,1.4592
0.69,0.21,0.79,0.31,1770424441683,1.4592
