0.91,0.07,0.93,0.08,1770417197066,70882.46
0.91,0.07,0.93,0.09,1770417197067,70882.46
0.92,0.07,0.93,0.09,1770417198130,70882.46
0.92,0.07,0.93,0.08,1770417198153,70882.46
0.91,0.07,0.93,0.08,1770417199006,70882.46
0.91,0.07,0.93,0.09,1770417199027,70882.46
0.92,0.07,0.93,0.09,1770417201756,70882.46
0.92,0.07,0.93,0.08,1770417201760,70882.46
0.92,0.08,0.93,0.09,1770417209542,70865.99
0.91,0.08,0.92,0.09,1770417209550,70865.99
0.91,0.08,0.93,0.09,1770417219541,70856.07
0.91,0.07,0.93,0.09,1770417219542,70856.07
0.92,0.07,0.93,0.09,1770417219555,70856.07
0.92,0.07,0.93,0.08,1770417219566,70856.07
0.91,0.07,0.93,0.08,1770417219577,70856.07
0.91,0.07,0.93,0.09,1770417219578,70856.07
0.92,0.07,0.93,0.09,1770417219614,70856.07
0.92,0.07,0.93,0.08,1770417219689,70856.07
0.92,0.06,0.93,0.08,1770417231741,70878.03
0.92,0.06,0.94,0.08,1770417231767,70878.03
0.92,0.06,0.93,0.08,1770417232689,70878.03
0.92,0.07,0.93,0.08,1770417232693,70878.03
0.92,0.07,0.94,0.08,1770417242765,70878.03
0.92,0.06,0.94,0.08,1770417242766,70878.03
0.93,0.06,0.94,0.08,1770417248918,70884.83
0.93,0.06,0.94,0.07,1770417248919,70884.83
0.93,0.05,0.94,0.07,1770417268510,70934.22
0.93,0.05,0.95,0.07,1770417268519,70934.22
0.94,0.05,0.95,0.07,1770417268535,70934.22
0.94,0.05,0.95,0.06,1770417268536,70934.22
0.94,0.04,0.95,0.06,1770417327491,71062.01
0.94,0.04,0.96,0.06,1770417327492,71062.01
0.94,0.04,0.96,0.05,1770417327551,71062.01
0.95,0.04,0.96,0.05,1770417327557,71062.01
0.95,0.03,0.96,0.05,1770417331677,71099.99
0.95,0.03,0.97,0.05,1770417331678,71099.99
0.96,0.03,0.97,0.05,1770417331705,71099.99
0.96,0.03,0.97,0.04,1770417331710,71099.99
0.96,0.01,0.97,0.04,1770417332356,71146.66
0.96,0.01,0.99,0.04,1770417332357,71146.66
0.96,0.03,0.97,0.04,1770417332365,71146.66
0.96,0.01,0.97,0.03,1770417332474,71146.66
0.97,0.01,0.99,0.03,1770417332475,71146.66
0.97,0.01,0.98,0.03,1770417332483,71146.66
0.97,0.02,0.98,0.03,1770417332490,71146.66
0.97,0.02,0.99,0.03,1770417335500,71199.58
0.97,0.01,0.99,0.03,1770417335533,71199.58
0.97,0.01,0.98,0.03,1770417336418,71217.02
0.97,0.02,0.98,0.03,1770417336456,71217.02
0.97,0.02,0.99,0.03,1770417338180,71189.58
0.97,0.01,0.99,0.03,1770417338181,71189.58
0.98,0.01,0.99,0.03,1770417338768,71201.65
0.98,0.01,0.99,0.02,1770417338777,71201.65
0.97,0.01,0.99,0.02,1770417338851,71201.65
0.97,0.01,0.99,0.03,1770417338903,71201.65
0.97,0.02,0.99,0.03,1770417343023,71201.61
0.97,0.02,0.98,0.03,1770417343024,71201.61
0.97,0.01,0.98,0.03,1770417343130,71201.61
0.97,0.01,0.99,0.03,1770417343138,71201.61
0.97,0.01,0.98,0.03,1770417343667,71186.27
0.97,0.02,0.98,0.03,1770417343684,71186.27
0.97,0.02,0.99,0.03,1770417343701,71186.27
0.97,0.01,0.99,0.03,1770417343708,71186.27
0.98,0.01,0.99,0.03,1770417343727,71186.27
0.98,0.01,0.99,0.02,1770417343735,71186.27
0.97,0.01,0.99,0.02,1770417343774,71186.27
0.97,0.01,0.99,0.03,1770417343776,71186.27
0.97,0.01,0.98,0.03,1770417343892,71186.27
0.97,0.02,0.98,0.03,1770417343895,71186.27
0.97,0.02,0.99,0.03,1770417344049,71186.27
0.97,0.01,0.99,0.03,1770417344075,71186.27
0.97,0.02,0.99,0.03,1770417344874,71183.37
0.97,0.02,0.98,0.03,1770417344884,71183.37
0.97,0.01,0.98,0.03,1770417344986,71183.37
0.97,0.01,0.99,0.03,1770417344994,71183.37
0.97,0.01,0.98,0.03,1770417345060,71183.37
0.97,0.02,0.98,0.03,1770417345083,71183.37
0.97,0.02,0.99,0.03,1770417345163,71183.37
0.97,0.01,0.99,0.03,1770417345167,71183.37
0.98,0.01,0.99,0.03,1770417349816,71201.25
0.98,0.01,0.99,0.02,1770417349818,71201.25
0.97,0.01,0.99,0.02,1770417350230,71202.0
0.97,0.01,0.99,0.03,1770417350242,71202.0
0.97,0.02,0.99,0.03,1770417350278,71202.0
0.97,0.02,0.98,0.03,1770417350292,71202.0
0.96,0.02,0.98,0.03,1770417350318,71202.0
0.96,0.02,0.98,0.04,1770417350371,71202.0
0.96,0.03,0.98,0.04,1770417350512,71202.0
0.96,0.03,0.97,0.04,1770417350513,71202.0
0.96,0.031,0.97,0.04,1770417462703,71233.5
0.96,0.031,0.969,0.04,1770417462713,71233.5
0.96,0.028,0.969,0.04,1770417463664,71225.31
0.96,0.028,0.972,0.04,1770417463665,71225.31
0.961,0.028,0.972,0.04,1770417463719,71225.31
0.961,0.029,0.972,0.039,1770417463720,71225.31
0.961,0.029,0.971,0.039,1770417463721,71225.31
0.961,0.03,0.971,0.039,1770417463745,71225.31
0.962,0.03,0.97,0.039,1770417463746,71225.31
0.962,0.03,0.97,0.038,1770417463779,71225.31
0.963,0.031,0.97,0.037,1770417463785,71225.31
0.963,0.031,0.969,0.037,1770417463786,71225.31
0.964,0.031,0.969,0.037,1770417463798,71225.31
0.964,0.031,0.969,0.036,1770417463799,71225.31
0.965,0.031,0.969,0.036,1770417463827,71225.31
0.965,0.031,0.969,0.035,1770417463841,71225.31
0.966,0.031,0.969,0.035,1770417463855,71225.31
0.966,0.031,0.969,0.034,1770417463856,71225.31
0.967,0.031,0.969,0.034,1770417463882,71225.31
0.967,0.031,0.969,0.033,1770417463902,71225.31
0.966,0.031,0.969,0.033,1770417464515,71225.3
0.966,0.031,0.969,0.034,1770417464516,71225.3
0.966,0.032,0.969,0.034,1770417464519,71225.3
0.966,0.032,0.968,0.034,1770417464557,71225.3
0.966,0.027,0.968,0.034,1770417464680,71225.3
0.966,0.027,0.973,0.034,1770417464681,71225.3
0.97,0.027,0.973,0.034,1770417464719,71225.3
0.97,0.027,0.973,0.03,1770417464720,71225.3
0.97,0.028,0.973,0.03,1770417464741,71225.3
0.97,0.028,0.972,0.03,1770417464744,71225.3
0.967,0.028,0.972,0.03,1770417465800,71223.38
0.967,0.028,0.972,0.033,1770417465830,71223.38
0.967,0.028,0.97,0.033,1770417466242,71223.38
0.967,0.03,0.97,0.033,1770417466256,71223.38
0.968,0.03,0.97,0.033,1770417467755,71223.38
0.968,0.03,0.97,0.032,1770417467764,71223.38
0.969,0.03,0.97,0.032,1770417472756,71225.32
0.969,0.03,0.97,0.031,1770417472757,71225.32
0.968,0.03,0.97,0.031,1770417473133,71225.32
0.968,0.03,0.97,0.032,1770417473137,71225.32
0.969,0.03,0.97,0.032,1770417473206,71225.32
0.969,0.03,0.97,0.031,1770417473208,71225.32
0.969,0.03,0.972,0.031,1770417476231,71235.02
0.969,0.028,0.972,0.031,1770417476232,71235.02
0.969,0.028,0.97,0.031,1770417476466,71235.03
0.969,0.03,0.97,0.031,1770417476489,71235.03
0.969,0.03,0.974,0.031,1770417479210,71261.91
0.969,0.026,0.974,0.031,1770417479211,71261.91
0.97,0.026,0.974,0.031,1770417479234,71261.91
0.97,0.026,0.974,0.03,1770417479235,71261.91
0.97,0.02,0.974,0.03,1770417479359,71261.91
0.97,0.02,0.98,0.03,1770417479365,71261.91
0.971,0.02,0.98,0.03,1770417479474,71261.91
0.971,0.02,0.98,0.029,1770417479481,71261.91
0.972,0.02,0.98,0.029,1770417479499,71261.91
0.972,0.02,0.98,0.028,1770417479500,71261.91
0.973,0.02,0.98,0.028,1770417479531,71261.91
0.973,0.02,0.98,0.027,1770417479563,71261.91
0.974,0.02,0.98,0.027,1770417479712,71261.91
0.974,0.02,0.98,0.026,1770417479721,71261.91
0.975,0.02,0.98,0.026,1770417480064,71261.91
0.975,0.02,0.98,0.025,1770417480069,71261.91
0.976,0.02,0.98,0.025,1770417480349,71289.0
0.976,0.02,0.98,0.024,1770417480350,71289.0
0.977,0.02,0.98,0.024,1770417480427,71289.0
0.977,0.02,0.98,0.023,1770417480428,71289.0
0.978,0.02,0.98,0.023,1770417480693,71289.0
0.978,0.02,0.98,0.022,1770417480703,71289.0
0.977,0.02,0.98,0.022,1770417480725,71289.0
0.977,0.02,0.98,0.023,1770417480751,71289.0
0.978,0.02,0.98,0.023,1770417480792,71289.0
0.978,0.02,0.98,0.022,1770417480807,71289.0
0.977,0.02,0.98,0.022,1770417480987,71289.0
0.977,0.02,0.98,0.023,1770417480997,71289.0
0.976,0.02,0.98,0.023,1770417484708,71319.4
0.976,0.02,0.98,0.024,1770417484739,71319.4
0.977,0.02,0.98,0.024,1770417485557,71304.02
0.977,0.02,0.98,0.023,1770417485562,71304.02
0.976,0.02,0.98,0.023,1770417485757,71304.02
0.976,0.02,0.98,0.024,1770417485775,71304.02
0.977,0.02,0.98,0.024,1770417485833,71304.02
0.977,0.02,0.98,0.023,1770417485834,71304.02
0.978,0.02,0.98,0.023,1770417490549,71309.01
0.978,0.02,0.98,0.022,1770417490557,71309.01
0.979,0.02,0.98,0.022,1770417490636,71309.01
0.979,0.02,0.98,0.021,1770417490637,71309.01
0.978,0.02,0.98,0.021,1770417490858,71309.01
0.979,0.02,0.98,0.022,1770417490864,71309.01
0.979,0.02,0.98,0.021,1770417490929,71309.01
0.976,0.02,0.98,0.021,1770417497243,71371.72
0.976,0.02,0.98,0.024,1770417497244,71371.72
0.977,0.02,0.98,0.024,1770417497302,71371.72
0.977,0.02,0.98,0.023,1770417497308,71371.72
0.978,0.02,0.98,0.023,1770417497375,71371.72
0.978,0.02,0.98,0.022,1770417497376,71371.72
0.979,0.02,0.98,0.021,1770417497545,71371.72
0.979,0.02,0.99,0.021,1770417515254,71455.31
0.979,0.01,0.99,0.021,1770417515279,71455.31
0.98,0.01,0.99,0.021,1770417515469,71455.31
0.979,0.01,0.98,0.02,1770417515471,71455.31
0.979,0.02,0.98,0.021,1770417515472,71455.31
0.979,0.02,0.99,0.021,1770417515756,71455.31
0.979,0.01,0.99,0.021,1770417515757,71455.31
0.98,0.01,0.99,0.021,1770417516119,71455.31
0.98,0.01,0.99,0.02,1770417516195,71455.31
0.979,0.01,0.99,0.02,1770417541246,71435.99
0.979,0.01,0.99,0.021,1770417541268,71435.99
0.979,0.02,0.99,0.021,1770417541316,71435.99
0.979,0.02,0.98,0.021,1770417541317,71435.99
0.979,0.01,0.98,0.021,1770417542291,71436.0
0.979,0.01,0.99,0.021,1770417542315,71436.0
0.979,0.01,0.98,0.021,1770417544465,71388.0
0.979,0.02,0.98,0.021,1770417544485,71388.0
0.979,0.02,0.99,0.021,1770417544714,71388.0
0.979,0.01,0.99,0.021,1770417544723,71388.0
0.979,0.01,0.98,0.021,1770417544957,71388.0
0.979,0.02,0.98,0.021,1770417544958,71388.0
0.979,0.02,0.99,0.021,1770417545246,71346.01
0.979,0.01,0.99,0.021,1770417545248,71346.01
0.979,0.01,0.98,0.021,1770417545454,71346.01
0.979,0.02,0.98,0.021,1770417545477,71346.01
0.975,0.02,0.98,0.021,1770417546216,71346.01
0.975,0.02,0.98,0.025,1770417546221,71346.01
0.974,0.02,0.98,0.025,1770417546281,71331.76
0.974,0.02,0.98,0.026,1770417546283,71331.76
0.97,0.02,0.98,0.026,1770417547503,71267.79
0.97,0.02,0.98,0.03,1770417547505,71267.79
0.968,0.02,0.98,0.03,1770417548638,71222.45
0.968,0.02,0.98,0.032,1770417548641,71222.45
0.967,0.02,0.98,0.032,1770417548648,71222.45
0.967,0.02,0.98,0.033,1770417548649,71222.45
0.967,0.03,0.98,0.033,1770417548655,71222.45
0.967,0.03,0.97,0.033,1770417548667,71222.45
0.968,0.03,0.97,0.033,1770417548991,71222.45
0.968,0.03,0.97,0.032,1770417548992,71222.45
0.967,0.03,0.97,0.032,1770417549019,71222.45
0.968,0.03,0.97,0.033,1770417549092,71222.45
0.968,0.03,0.97,0.032,1770417549093,71222.45
0.969,0.03,0.97,0.032,1770417549226,71222.45
0.969,0.03,0.97,0.031,1770417549236,71222.45
0.968,0.03,0.97,0.031,1770417549251,71222.45
0.968,0.03,0.97,0.032,1770417549252,71222.45
0.969,0.03,0.97,0.032,1770417549334,71223.88
0.969,0.03,0.97,0.031,1770417549362,71223.88
0.968,0.03,0.97,0.031,1770417549363,71223.88
0.968,0.03,0.97,0.032,1770417549364,71223.88
0.969,0.03,0.97,0.032,1770417549406,71223.88
0.969,0.03,0.97,0.031,1770417549432,71223.88
0.969,0.02,0.97,0.031,1770417549451,71223.88
0.969,0.02,0.98,0.031,1770417549457,71223.88
0.97,0.02,0.98,0.03,1770417549461,71223.88
0.971,0.02,0.98,0.03,1770417549497,71223.88
0.971,0.02,0.98,0.029,1770417549498,71223.88
0.972,0.02,0.98,0.029,1770417549726,71223.88
0.972,0.02,0.98,0.028,1770417549727,71223.88
0.973,0.02,0.98,0.028,1770417549750,71223.88
0.973,0.02,0.98,0.027,1770417549752,71223.88
0.974,0.02,0.98,0.027,1770417554729,71258.97
0.974,0.02,0.98,0.026,1770417554732,71258.97
0.975,0.02,0.98,0.026,1770417554773,71258.97
0.975,0.02,0.98,0.025,1770417554774,71258.97
0.974,0.02,0.98,0.025,1770417554810,71258.97
0.974,0.02,0.98,0.026,1770417554858,71258.97
0.975,0.02,0.98,0.026,1770417555813,71271.2
0.975,0.02,0.98,0.025,1770417555816,71271.2
0.976,0.02,0.98,0.025,1770417556239,71279.95
0.976,0.02,0.98,0.024,1770417556265,71279.95
0.977,0.02,0.98,0.024,1770417556273,71279.95
0.977,0.02,0.98,0.023,1770417556274,71279.95
0.977,0.011,0.98,0.023,1770417664280,71242.53
0.977,0.011,0.989,0.023,1770417664306,71242.53
0.977,0.011,0.98,0.023,1770417665203,71242.53
0.977,0.011,0.98,0.02,1770417665383,71242.53
0.98,0.011,0.989,0.02,1770417665384,71242.53
0.98,0.011,0.989,0.023,1770417665385,71242.53
0.977,0.011,0.989,0.023,1770417665413,71242.53
0.98,0.011,0.989,0.023,1770417665461,71242.53
0.98,0.011,0.989,0.02,1770417665462,71242.53
0.977,0.011,0.989,0.02,1770417666918,71242.52
0.977,0.011,0.989,0.023,1770417666919,71242.52
0.977,0.02,0.989,0.023,1770417666959,71242.52
0.977,0.02,0.98,0.023,1770417666960,71242.52
0.977,0.011,0.98,0.023,1770417667018,71242.52
0.977,0.011,0.989,0.023,1770417667030,71242.52
0.98,0.011,0.989,0.023,1770417667069,71242.52
0.98,0.011,0.989,0.02,1770417667086,71242.52
0.98,0.01,0.989,0.02,1770417668801,71217.02
0.98,0.01,0.99,0.02,1770417668802,71217.02
0.977,0.01,0.99,0.02,1770417669607,71217.02
0.977,0.01,0.99,0.023,1770417669608,71217.02
0.977,0.01,0.98,0.023,1770417671474,71216.01
0.977,0.02,0.98,0.023,1770417671484,71216.01
0.978,0.02,0.98,0.023,1770417678738,71148.0
0.978,0.02,0.98,0.022,1770417678853,71148.0
0.977,0.02,0.98,0.022,1770417678886,71148.0
0.977,0.02,0.98,0.023,1770417678934,71148.0
0.978,0.02,0.98,0.023,1770417680150,71138.95
0.977,0.02,0.98,0.022,1770417680232,71138.95
0.977,0.02,0.98,0.023,1770417680245,71133.04
0.978,0.02,0.98,0.023,1770417685214,71170.0
0.978,0.02,0.98,0.022,1770417685220,71179.03
0.979,0.02,0.98,0.022,1770417685240,71179.03
0.979,0.02,0.98,0.021,1770417685246,71179.03
0.979,0.01,0.98,0.021,1770417686210,71179.03
0.979,0.01,0.99,0.021,1770417686241,71216.01
0.98,0.01,0.99,0.021,1770417686265,71216.01
0.98,0.01,0.99,0.02,1770417686266,71216.01
0.981,0.01,0.99,0.02,1770417686289,71216.01
0.981,0.01,0.99,0.019,1770417686313,71216.01
0.98,0.01,0.99,0.019,1770417686665,71216.01
0.98,0.01,0.99,0.02,1770417686666,71216.01
0.981,0.01,0.99,0.02,1770417686724,71216.01
0.981,0.01,0.99,0.019,1770417686728,71216.01
0.982,0.01,0.99,0.019,1770417686806,71216.01
0.981,0.01,0.99,0.018,1770417686830,71216.01
0.981,0.01,0.99,0.019,1770417687054,71216.01
0.982,0.01,0.99,0.019,1770417687445,71216.01
0.982,0.01,0.99,0.018,1770417687451,71216.01
0.983,0.01,0.99,0.018,1770417688134,71216.01
0.983,0.01,0.99,0.017,1770417688135,71216.01
0.981,0.01,0.99,0.017,1770417688597,71222.94
0.981,0.01,0.99,0.019,1770417688612,71222.94
0.98,0.01,0.99,0.019,1770417688618,71222.94
0.98,0.01,0.99,0.02,1770417688639,71222.94
0.977,0.01,0.99,0.02,1770417688972,71222.94
0.977,0.01,0.99,0.023,1770417688980,71222.94
0.98,0.01,0.99,0.023,1770417689208,71178.69
0.98,0.01,0.99,0.02,1770417689209,71178.69
0.977,0.01,0.99,0.02,1770417689345,71178.69
0.977,0.01,0.99,0.023,1770417689381,71178.69
0.978,0.01,0.99,0.023,1770417689628,71178.69
0.978,0.01,0.99,0.022,1770417689630,71178.69
0.977,0.01,0.99,0.022,1770417690058,71178.69
0.977,0.01,0.99,0.023,1770417690061,71178.69
0.977,0.01,0.98,0.023,1770417693700,71187.4
0.977,0.02,0.98,0.023,1770417693724,71187.4
0.976,0.02,0.98,0.023,1770417693739,71187.4
0.976,0.02,0.98,0.024,1770417693752,71187.4
0.976,0.02,0.989,0.024,1770417699959,71130.0
0.976,0.011,0.989,0.024,1770417699960,71130.0
0.976,0.011,0.98,0.024,1770417700214,71130.0
0.976,0.02,0.98,0.024,1770417700215,71130.0
0.98,0.02,0.989,0.024,1770417700230,71143.39
0.98,0.011,0.989,0.02,1770417700240,71143.39
0.976,0.011,0.989,0.02,1770417700478,71143.39
0.98,0.011,0.989,0.024,1770417700482,71143.39
0.98,0.011,0.989,0.02,1770417700504,71143.39
0.976,0.011,0.989,0.02,1770417708996,71154.72
0.976,0.011,0.989,0.024,1770417709023,71154.72
0.976,0.011,0.98,0.024,1770417711459,71131.99
0.976,0.02,0.98,0.024,1770417711489,71131.99
0.976,0.02,0.99,0.024,1770417722956,71141.14
0.98,0.01,0.99,0.024,1770417722961,71141.14
0.98,0.01,0.99,0.02,1770417722980,71141.14
0.976,0.01,0.98,0.02,1770417723710,71149.44
0.976,0.02,0.98,0.024,1770417723733,71149.44
0.976,0.02,0.99,0.024,1770417723955,71149.44
0.976,0.01,0.99,0.024,1770417723981,71149.44
0.977,0.01,0.99,0.024,1770417724571,71148.95
0.977,0.01,0.99,0.023,1770417724572,71148.95
0.98,0.01,0.99,0.023,1770417724603,71148.95
0.98,0.01,0.99,0.02,1770417724604,71148.95
0.981,0.01,0.99,0.02,1770417727810,71226.01
0.981,0.01,0.99,0.019,1770417727811,71226.01
0.982,0.01,0.99,0.019,1770417728106,71226.01
0.982,0.01,0.99,0.018,1770417728113,71226.01
0.983,0.01,0.99,0.018,1770417729577,71237.99
0.983,0.01,0.99,0.017,1770417729590,71237.99
0.984,0.01,0.99,0.017,1770417730263,71237.99
0.984,0.01,0.99,0.016,1770417730264,71237.99
0.983,0.01,0.99,0.016,1770417730428,71249.18
0.983,0.01,0.99,0.017,1770417730429,71249.18
0.982,0.01,0.99,0.017,1770417730472,71249.18
0.982,0.01,0.99,0.018,1770417730473,71249.18
0.981,0.01,0.99,0.018,1770417730514,71249.18
0.981,0.01,0.99,0.019,1770417730515,71249.18
0.98,0.01,0.99,0.019,1770417731815,71238.73
0.98,0.01,0.99,0.02,1770417731838,71238.73
0.981,0.01,0.99,0.02,1770417736852,71209.1
0.981,0.01,0.99,0.019,1770417736853,71209.1
0.982,0.01,0.99,0.019,1770417740701,71230.0
0.982,0.01,0.99,0.018,1770417740702,71230.0
0.983,0.01,0.99,0.018,1770417740731,71230.0
0.983,0.01,0.99,0.017,1770417740734,71230.0
0.982,0.01,0.99,0.017,1770417740871,71230.0
0.982,0.01,0.99,0.018,1770417740904,71230.0
0.983,0.01,0.99,0.018,1770417741153,71230.0
0.983,0.01,0.99,0.017,1770417741178,71230.0
0.982,0.01,0.99,0.017,1770417741233,71230.0
0.982,0.01,0.99,0.018,1770417741234,71230.0
0.981,0.01,0.99,0.018,1770417741245,71230.0
0.98,0.01,0.99,0.019,1770417741249,71230.0
0.98,0.01,0.99,0.02,1770417741274,71239.88
0.981,0.01,0.99,0.02,1770417743606,71210.01
0.981,0.01,0.99,0.019,1770417743607,71210.01
0.98,0.01,0.99,0.019,1770417743709,71210.01
0.98,0.01,0.99,0.02,1770417743734,71210.01
0.981,0.01,0.99,0.02,1770417743780,71210.01
0.981,0.01,0.99,0.019,1770417743782,71210.01
0.982,0.01,0.99,0.019,1770417745317,71222.45
0.982,0.01,0.99,0.018,1770417745318,71222.45
0.983,0.01,0.99,0.018,1770417745930,71222.45
0.983,0.01,0.99,0.017,1770417745932,71222.45
0.982,0.01,0.99,0.017,1770417745958,71222.45
0.982,0.01,0.99,0.018,1770417746141,71222.45
0.981,0.01,0.99,0.018,1770417750226,71233.25
0.981,0.01,0.99,0.019,1770417750250,71233.24
0.98,0.01,0.99,0.019,1770417750252,71233.24
0.98,0.01,0.99,0.02,1770417750275,71233.24
0.977,0.01,0.99,0.02,1770417756284,71194.42
0.977,0.01,0.99,0.023,1770417756310,71194.42
0.98,0.01,0.99,0.023,1770417756467,71194.42
0.98,0.01,0.99,0.02,1770417756489,71194.42
0.977,0.01,0.99,0.02,1770417757213,71194.42
0.977,0.01,0.99,0.023,1770417757225,71194.42
0.98,0.01,0.99,0.023,1770417757481,71189.44
0.98,0.01,0.99,0.02,1770417757483,71189.44
0.977,0.01,0.99,0.02,1770417757961,71189.44
0.977,0.01,0.99,0.023,1770417757971,71189.44
0.98,0.01,0.99,0.023,1770417758205,71189.44
0.98,0.01,0.99,0.02,1770417758217,71189.44
0.981,0.01,0.99,0.02,1770417762634,71232.0
0.981,0.01,0.99,0.019,1770417762635,71232.0
0.982,0.01,0.99,0.019,1770417762772,71232.0
0.982,0.01,0.99,0.018,1770417762773,71232.0
0.983,0.01,0.99,0.018,1770417763337,71253.37
0.983,0.01,0.99,0.017,1770417763338,71253.37
0.981,0.01,0.99,0.017,1770417764685,71259.17
0.981,0.01,0.99,0.019,1770417764694,71259.17
0.98,0.01,0.99,0.019,1770417764701,71259.17
0.98,0.01,0.99,0.02,1770417764725,71259.17
0.978,0.01,0.99,0.02,1770417764961,71259.17
0.978,0.01,0.99,0.022,1770417764979,71259.17
0.98,0.01,0.99,0.022,1770417765208,71259.17
0.98,0.01,0.99,0.02,1770417765218,71259.17
0.98,0.01,0.99,0.017,1770417768692,71226.62
0.983,0.01,0.99,0.017,1770417768714,71226.62
0.983,0.01,0.99,0.02,1770417770722,71222.01
0.98,0.01,0.99,0.02,1770417770745,71222.01
0.98,0.01,0.99,0.019,1770417771337,71222.01
0.981,0.01,0.99,0.019,1770417771338,71222.01
0.981,0.01,0.99,0.02,1770417774765,71210.02
0.98,0.01,0.99,0.02,1770417774800,71210.02
0.978,0.01,0.99,0.02,1770417778471,71210.01
0.978,0.01,0.99,0.022,1770417778481,71210.01
0.98,0.01,0.99,0.022,1770417778712,71210.01
0.98,0.01,0.99,0.02,1770417778716,71210.01
0.977,0.01,0.99,0.02,1770417780237,71201.31
0.976,0.01,0.99,0.023,1770417780259,71201.31
0.976,0.01,0.99,0.024,1770417780275,71201.31
0.976,0.01,0.99,0.021,1770417780312,71201.31
0.979,0.01,0.99,0.021,1770417780315,71201.31
0.98,0.01,0.99,0.021,1770417780468,71201.31
0.98,0.01,0.99,0.02,1770417780492,71201.31
0.981,0.01,0.99,0.02,1770417783100,71201.3
0.981,0.01,0.99,0.019,1770417783101,71201.3
0.982,0.01,0.99,0.019,1770417783270,71232.0
0.982,0.01,0.99,0.018,1770417783278,71232.0
0.983,0.01,0.99,0.018,1770417783294,71232.0
0.983,0.01,0.99,0.017,1770417783301,71232.0
0.984,0.01,0.99,0.017,1770417783752,71232.0
0.984,0.01,0.99,0.016,1770417783753,71232.0
0.983,0.01,0.99,0.016,1770417783814,71232.0
0.984,0.01,0.99,0.017,1770417783816,71232.0
0.984,0.01,0.99,0.016,1770417783893,71232.0
0.983,0.01,0.99,0.016,1770417784241,71232.0
0.984,0.01,0.99,0.017,1770417784318,71254.05
0.984,0.01,0.99,0.016,1770417784371,71254.05
0.983,0.01,0.99,0.016,1770417785309,71254.05
0.983,0.01,0.99,0.017,1770417785324,71258.01
0.984,0.01,0.99,0.017,1770417785391,71258.01
0.984,0.01,0.99,0.016,1770417785701,71258.01
0.983,0.01,0.99,0.016,1770417785705,71258.01
0.983,0.01,0.99,0.017,1770417786013,71258.01
0.984,0.01,0.99,0.017,1770417787823,71259.17
0.984,0.01,0.99,0.016,1770417787851,71259.17
0.985,0.01,0.99,0.016,1770417797286,71259.17
0.985,0.01,0.99,0.015,1770417797301,71259.17
0.984,0.01,0.99,0.015,1770417797693,71259.17
0.984,0.01,0.99,0.016,1770417797694,71259.17
0.984,0.01,0.99,0.015,1770417804826,71259.17
0.985,0.01,0.99,0.015,1770417804950,71259.17
0.986,0.01,0.99,0.015,1770417809034,71259.17
0.986,0.01,0.99,0.014,1770417809035,71259.17
0.987,0.01,0.99,0.014,1770417810074,71262.18
0.987,0.01,0.99,0.013,1770417810075,71262.18
0.988,0.01,0.99,0.013,1770417810103,71262.18
0.988,0.01,0.99,0.012,1770417810122,71262.18
0.989,0.01,0.99,0.012,1770417811442,71276.21
0.989,0.01,0.99,0.011,1770417811443,71276.21
0.989,0.011,0.99,0.012,1770417818318,71326.0
0.988,0.011,0.989,0.012,1770417818353,71326.0
0.987,0.011,0.989,0.012,1770417822507,71296.88
0.987,0.011,0.989,0.013,1770417822508,71296.88
0.988,0.011,0.989,0.013,1770417822757,71296.88
0.988,0.011,0.989,0.012,1770417822771,71296.88
0.987,0.011,0.989,0.012,1770417822782,71296.88
0.987,0.011,0.989,0.013,1770417822810,71296.88
0.986,0.011,0.989,0.013,1770417823315,71277.2
0.986,0.011,0.989,0.014,1770417823352,71277.2
0.985,0.011,0.989,0.014,1770417824129,71277.2
0.985,0.011,0.989,0.015,1770417824171,71277.2
0.986,0.011,0.989,0.015,1770417824623,71266.81
0.986,0.011,0.989,0.014,1770417824651,71266.81
0.987,0.011,0.989,0.014,1770417824792,71266.81
0.987,0.011,0.989,0.013,1770417824798,71266.81
0.988,0.011,0.989,0.013,1770417825402,71267.52
0.988,0.011,0.989,0.012,1770417825403,71267.52
0.987,0.011,0.989,0.012,1770417842209,71274.01
0.987,0.011,0.989,0.013,1770417842246,71258.95
0.986,0.011,0.989,0.013,1770417842770,71258.95
0.986,0.011,0.989,0.014,1770417842808,71258.95
0.985,0.011,0.989,0.014,1770417842825,71258.95
0.987,0.011,0.989,0.013,1770417842856,71258.95
0.988,0.011,0.989,0.013,1770417842916,71258.95
0.988,0.011,0.989,0.012,1770417842941,71258.95
0.988,0.011,0.989,0.013,1770417846838,71277.2
0.987,0.011,0.989,0.013,1770417846839,71277.2
0.986,0.011,0.989,0.013,1770417848455,71251.84
0.986,0.011,0.989,0.014,1770417848465,71251.84
0.986,0.01,0.989,0.014,1770417863034,71260.21
0.986,0.01,0.99,0.014,1770417863035,71260.21
0.986,0.01,0.99,0.019,1770417870319,71182.21
0.981,0.01,0.99,0.019,1770417870359,71182.21
0.982,0.01,0.99,0.019,1770417870374,71182.21
0.982,0.01,0.99,0.018,1770417870375,71182.21
0.981,0.01,0.99,0.018,1770417870454,71182.21
0.983,0.01,0.99,0.017,1770417870462,71182.21
0.981,0.01,0.99,0.017,1770417870529,71182.21
0.984,0.01,0.99,0.019,1770417870538,71182.21
0.984,0.01,0.99,0.016,1770417870653,71182.21
0.984,0.01,0.99,0.019,1770417870705,71182.21
0.981,0.01,0.99,0.019,1770417870707,71182.21
0.982,0.01,0.99,0.019,1770417870739,71182.21
0.982,0.01,0.99,0.018,1770417870801,71182.21
0.982,0.01,0.99,0.019,1770417873233,71222.6
0.981,0.01,0.99,0.019,1770417873234,71222.6
0.981,0.01,0.991,0.019,1770417901481,71204.0
0.981,0.009,0.991,0.019,1770417901510,71204.0
0.99,0.009,0.991,0.019,1770417901728,71204.0
0.99,0.009,0.991,0.01,1770417901742,71204.0
0.981,0.009,0.991,0.01,1770417902509,71217.83
0.99,0.009,0.991,0.019,1770417902513,71217.83
0.99,0.009,0.991,0.01,1770417902543,71217.83
0.99,0.009,0.991,0.019,1770417902721,71217.83
0.981,0.006,0.991,0.019,1770417902729,71217.83
0.981,0.006,0.994,0.019,1770417902758,71217.83
0.99,0.006,0.994,0.019,1770417902759,71217.83
0.99,0.006,0.994,0.01,1770417902768,71217.83
0.981,0.006,0.994,0.01,1770417903012,71217.83
0.981,0.006,0.994,0.019,1770417903056,71217.83
0.991,0.006,0.994,0.019,1770417903343,71229.0
0.991,0.006,0.994,0.009,1770417903366,71229.0
0.991,0.006,0.994,0.02,1770417903466,71229.0
0.98,0.006,0.994,0.02,1770417903469,71229.0
0.98,0.01,0.994,0.02,1770417903512,71229.0
0.98,0.01,0.99,0.02,1770417903513,71229.0
0.976,0.01,0.99,0.02,1770417922508,71143.06
0.98,0.01,0.99,0.024,1770417922510,71143.06
0.98,0.01,0.99,0.02,1770417922521,71143.06
0.976,0.01,0.99,0.02,1770417923962,71154.0
0.976,0.01,0.99,0.024,1770417923963,71154.0
0.98,0.01,0.99,0.024,1770417924238,71154.0
0.98,0.01,0.99,0.02,1770417924249,71154.0
0.976,0.01,0.98,0.02,1770417925958,71173.94
0.976,0.02,0.98,0.024,1770417925980,71173.94
0.976,0.02,0.99,0.024,1770417926204,71173.94
0.976,0.01,0.99,0.024,1770417926214,71173.94
0.98,0.01,0.99,0.024,1770417926455,71173.94
0.98,0.01,0.99,0.02,1770417926478,71173.94
0.976,0.01,0.98,0.02,1770417929972,71148.01
0.976,0.02,0.98,0.024,1770417929994,71148.01
0.976,0.02,0.99,0.024,1770417930263,71148.01
0.976,0.01,0.99,0.024,1770417930286,71144.5
0.976,0.01,0.98,0.024,1770417930465,71144.5
0.976,0.02,0.98,0.024,1770417930466,71144.5
0.976,0.02,0.99,0.024,1770417931488,71144.5
0.976,0.01,0.99,0.024,1770417931493,71144.5
0.973,0.01,0.99,0.024,1770417940343,71122.22
0.973,0.01,0.99,0.027,1770417940344,71122.22
0.973,0.011,0.99,0.027,1770417942405,71120.01
0.973,0.011,0.989,0.027,1770417942407,71120.01
0.973,0.011,0.98,0.027,1770417945225,71095.08
0.973,0.02,0.98,0.027,1770417945230,71095.08
0.973,0.012,0.98,0.027,1770417961010,71073.26
0.973,0.012,0.988,0.027,1770417961029,71073.26
0.973,0.01,0.988,0.027,1770417963108,71073.26
0.973,0.01,0.99,0.027,1770417963136,71073.26
0.973,0.013,0.99,0.027,1770417963563,71073.26
0.973,0.013,0.987,0.027,1770417963591,71073.26
0.973,0.01,0.987,0.027,1770417963610,71073.26
0.973,0.01,0.99,0.027,1770417963620,71073.26
0.973,0.013,0.99,0.027,1770417963725,71073.26
0.973,0.013,0.987,0.027,1770417963726,71073.26
0.973,0.011,0.987,0.027,1770417967467,71068.19
0.973,0.011,0.989,0.027,1770417967505,71068.19
0.973,0.013,0.989,0.027,1770417968623,71065.61
0.973,0.013,0.987,0.027,1770417968790,71065.61
0.973,0.011,0.987,0.027,1770417969667,71064.33
0.973,0.011,0.989,0.027,1770417969677,71064.33
0.973,0.012,0.989,0.027,1770417969711,71064.33
0.973,0.012,0.988,0.027,1770417969716,71064.33
0.973,0.011,0.988,0.027,1770417969754,71064.33
0.973,0.011,0.989,0.027,1770417969781,71064.33
0.973,0.012,0.989,0.027,1770417969793,71064.33
0.973,0.012,0.988,0.027,1770417969802,71064.33
0.971,0.012,0.988,0.027,1770417970434,71071.67
0.971,0.012,0.988,0.029,1770417970471,71071.67
0.971,0.011,0.988,0.029,1770417972362,71071.67
0.971,0.011,0.989,0.029,1770417972363,71071.67
0.971,0.012,0.989,0.029,1770417985624,71079.31
0.971,0.012,0.988,0.029,1770417985649,71079.31
0.971,0.011,0.988,0.029,1770417988558,71066.12
0.971,0.011,0.989,0.029,1770417988576,71066.12
0.98,0.011,0.989,0.029,1770417995310,71099.91
0.98,0.011,0.989,0.02,1770417995334,71099.91
0.971,0.011,0.989,0.02,1770417998452,71098.64
0.971,0.011,0.989,0.029,1770417998466,71098.64
0.971,0.013,0.989,0.029,1770417998495,71098.64
0.971,0.013,0.987,0.029,1770417998496,71098.64
0.98,0.013,0.987,0.029,1770418008664,71089.25
0.98,0.013,0.987,0.02,1770418008689,71089.25
0.971,0.013,0.987,0.02,1770418009712,71097.99
0.971,0.013,0.987,0.029,1770418009740,71097.99
0.98,0.013,0.987,0.029,1770418010740,71099.9
0.98,0.013,0.987,0.02,1770418010741,71099.9
0.971,0.013,0.987,0.02,1770418013425,71128.0
0.971,0.013,0.987,0.029,1770418013451,71128.0
0.971,0.013,0.98,0.029,1770418029692,71204.96
0.971,0.02,0.98,0.029,1770418029716,71204.96
0.971,0.013,0.98,0.029,1770418029746,71204.96
0.971,0.013,0.987,0.029,1770418029747,71204.96
0.986,0.013,0.987,0.029,1770418031154,71196.0
0.986,0.013,0.987,0.014,1770418031175,71196.0
0.971,0.013,0.987,0.014,1770418031324,71217.81
0.971,0.013,0.987,0.029,1770418031342,71217.81
0.971,0.013,0.989,0.029,1770418034393,71225.16
0.971,0.011,0.989,0.029,1770418034416,71225.16
0.97,0.011,0.989,0.029,1770418034661,71225.16
0.97,0.011,0.989,0.03,1770418034687,71225.16
0.97,0.02,0.989,0.03,1770418035442,71223.35
0.97,0.02,0.98,0.03,1770418035443,71223.35
0.97,0.011,0.98,0.03,1770418035687,71223.35
0.97,0.011,0.989,0.03,1770418035688,71223.35
0.97,0.011,0.98,0.03,1770418035724,71223.35
0.97,0.02,0.98,0.03,1770418035743,71223.35
0.97,0.011,0.98,0.03,1770418036800,71217.79
0.97,0.011,0.989,0.03,1770418036801,71217.79
0.97,0.02,0.989,0.03,1770418038052,71219.48
0.97,0.02,0.98,0.03,1770418038068,71219.48
0.985,0.02,0.989,0.03,1770418040941,71222.77
0.985,0.011,0.989,0.015,1770418040942,71222.77
0.97,0.011,0.989,0.015,1770418040997,71222.77
0.97,0.011,0.989,0.03,1770418040999,71222.77
0.971,0.011,0.989,0.03,1770418041012,71222.77
0.971,0.011,0.989,0.029,1770418041016,71222.77
0.98,0.011,0.989,0.029,1770418045938,71222.77
0.98,0.011,0.989,0.02,1770418045954,71222.77
0.971,0.011,0.989,0.02,1770418053500,71233.25
0.971,0.011,0.989,0.029,1770418053518,71233.25
0.979,0.011,0.989,0.029,1770418054882,71238.0
0.979,0.011,0.989,0.021,1770418055763,71238.0
0.98,0.011,0.989,0.021,1770418061150,71234.8
0.98,0.011,0.989,0.02,1770418061151,71234.8
0.979,0.011,0.989,0.02,1770418061586,71234.8
0.979,0.011,0.989,0.021,1770418061592,71234.8
0.98,0.011,0.989,0.021,1770418061626,71234.8
0.98,0.011,0.989,0.02,1770418061633,71234.8
0.979,0.011,0.989,0.02,1770418070177,71245.99
0.979,0.011,0.989,0.021,1770418070201,71245.99
0.979,0.011,0.98,0.021,1770418070306,71246.0
0.979,0.02,0.98,0.021,1770418070331,71246.0
0.98,0.02,0.989,0.021,1770418070922,71246.0
0.98,0.011,0.989,0.02,1770418070946,71246.0
0.979,0.011,0.989,0.02,1770418071803,71240.81
0.979,0.011,0.989,0.021,1770418071835,71240.81
0.98,0.011,0.989,0.021,1770418071843,71240.81
0.98,0.011,0.989,0.02,1770418071844,71240.81
0.979,0.011,0.989,0.02,1770418072304,71240.82
0.979,0.011,0.989,0.021,1770418072316,71240.82
0.98,0.011,0.989,0.021,1770418072357,71240.82
0.98,0.011,0.989,0.02,1770418072361,71240.82
0.979,0.011,0.989,0.02,1770418072712,71240.82
0.979,0.011,0.989,0.021,1770418072735,71240.82
0.98,0.011,0.989,0.021,1770418072785,71240.82
0.98,0.011,0.989,0.02,1770418072805,71240.82
0.971,0.011,0.989,0.02,1770418079225,71239.22
0.971,0.011,0.989,0.029,1770418079242,71239.22
0.98,0.011,0.989,0.029,1770418082610,71238.13
0.98,0.011,0.989,0.02,1770418082611,71238.13
0.971,0.011,0.989,0.02,1770418083261,71239.4
0.971,0.011,0.989,0.029,1770418083293,71239.4
0.98,0.011,0.989,0.029,1770418090241,71270.36
0.98,0.011,0.989,0.02,1770418090243,71270.36
0.98,0.011,0.987,0.02,1770418091229,71292.01
0.98,0.013,0.987,0.02,1770418091230,71292.01
0.971,0.013,0.987,0.02,1770418109205,71363.73
0.971,0.013,0.987,0.029,1770418109217,71363.73
0.98,0.013,0.987,0.029,1770418111786,71350.16
0.98,0.013,0.987,0.02,1770418111810,71350.16
0.971,0.013,0.987,0.02,1770418112219,71350.16
0.971,0.013,0.987,0.029,1770418112241,71350.16
0.971,0.011,0.987,0.029,1770418115060,71348.01
0.971,0.011,0.989,0.029,1770418115061,71348.01
0.972,0.011,0.989,0.029,1770418124200,71434.25
0.972,0.011,0.989,0.028,1770418124224,71434.25
0.98,0.011,0.989,0.028,1770418127656,71434.74
0.98,0.011,0.989,0.02,1770418127678,71434.74
0.98,0.01,0.989,0.02,1770418136155,71430.98
0.98,0.01,0.99,0.02,1770418136156,71430.98
0.981,0.01,0.99,0.02,1770418151203,71408.64
0.981,0.01,0.99,0.019,1770418151204,71408.64
0.982,0.01,0.99,0.019,1770418186087,71368.91
0.982,0.01,0.99,0.018,1770418186088,71368.91
0.983,0.01,0.99,0.018,1770418192655,71355.19
0.983,0.01,0.99,0.017,1770418192703,71355.19
0.99,0.01,0.995,0.017,1770418193949,71355.19
0.99,0.005,0.995,0.01,1770418193950,71355.19
0.983,0.005,0.995,0.01,1770418195048,71355.2
0.983,0.005,0.995,0.017,1770418195098,71355.2
0.983,0.01,0.995,0.017,1770418196000,71360.0
0.983,0.01,0.99,0.017,1770418196025,71360.0
0.99,0.01,0.995,0.017,1770418199374,71362.72
0.99,0.005,0.995,0.01,1770418199402,71362.72
0.983,0.005,0.99,0.01,1770418199965,71362.72
0.983,0.01,0.99,0.017,1770418199966,71362.72
0.983,0.01,0.995,0.017,1770418203739,71390.0
0.983,0.005,0.995,0.017,1770418203785,71390.0
0.99,0.005,0.995,0.017,1770418204071,71390.0
0.99,0.005,0.995,0.01,1770418204072,71390.0
0.983,0.005,0.995,0.01,1770418206308,71390.0
0.983,0.005,0.995,0.017,1770418206353,71390.0
0.99,0.005,0.995,0.017,1770418207278,71389.99
0.99,0.005,0.995,0.01,1770418207293,71389.99
0.983,0.005,0.99,0.01,1770418209454,71390.0
0.983,0.01,0.99,0.017,1770418209460,71390.0
0.983,0.01,0.995,0.017,1770418211746,71390.0
0.983,0.005,0.995,0.017,1770418211747,71390.0
0.99,0.005,0.995,0.017,1770418211965,71390.0
0.99,0.005,0.995,0.01,1770418211985,71390.0
0.995,0.005,0.997,0.01,1770418216978,71386.9
0.995,0.003,0.997,0.005,1770418216979,71386.9
0.996,0.003,0.997,0.005,1770418218610,71386.9
0.996,0.003,0.997,0.004,1770418218611,71386.9
0.995,0.003,0.996,0.004,1770418224281,71390.74
0.995,0.004,0.996,0.005,1770418224282,71390.74
0.996,0.004,0.997,0.005,1770418247019,71353.0
0.996,0.003,0.997,0.004,1770418247137,71353.0
0.997,0.003,0.998,0.004,1770418284614,71480.01
0.997,0.002,0.998,0.003,1770418284633,71480.01
0.996,0.002,0.998,0.003,1770418298959,71414.01
0.996,0.002,0.998,0.004,1770418298960,71414.01
0.997,0.002,0.998,0.004,1770418437752,71441.12
0.997,0.002,0.998,0.003,1770418437753,71441.12
0.997,0.001,0.998,0.003,1770418440341,71440.01
0.997,0.001,0.999,0.003,1770418440353,71440.01
0.997,0.002,0.999,0.003,1770418441762,71431.53
0.997,0.002,0.998,0.003,1770418441951,71431.53
0.998,0.002,0.999,0.003,1770418480853,71499.23
0.998,0.001,0.999,0.002,1770418480854,71499.23
0.998,0.001,0.999,0.004,1770418587630,71359.99
0.996,0.001,0.999,0.004,1770418587631,71359.99
0.997,0.001,0.999,0.004,1770418587712,71359.99
0.997,0.001,0.999,0.003,1770418587748,71359.99
0.998,0.001,0.999,0.003,1770418589398,71385.6
0.998,0.001,0.999,0.002,1770418589507,71385.6
0.997,0.001,0.999,0.002,1770418589555,71385.6
0.997,0.001,0.999,0.003,1770418589754,71385.6
0.997,0.002,0.999,0.003,1770418589815,71385.6
0.997,0.002,0.998,0.003,1770418589816,71385.6
0.997,0.001,0.998,0.003,1770418590359,71390.35
0.997,0.001,0.999,0.003,1770418590391,71390.35
0.998,0.001,0.999,0.003,1770418590681,71390.35
0.998,0.001,0.999,0.002,1770418590901,71390.35
0.997,0.001,0.999,0.002,1770418618964,71379.17
0.997,0.001,0.999,0.003,1770418619134,71379.17
0.998,0.001,0.999,0.003,1770418640757,71378.59
0.998,0.001,0.999,0.002,1770418640851,71378.59
0.999,0.001,1.0,0.002,1770418683459,71384.65
0.999,0.0,1.0,0.001,1770418683460,71384.65
0.5,0.49,0.51,0.5,1770418825179,71389.82
0.51,0.49,0.52,0.5,1770418826346,71408.47
0.51,0.48,0.52,0.49,1770418826363,71408.47
0.51,0.47,0.52,0.49,1770418827193,71408.47
0.51,0.47,0.53,0.49,1770418827195,71408.47
0.52,0.47,0.53,0.49,1770418827232,71408.47
0.52,0.47,0.53,0.48,1770418827233,71408.47
0.52,0.46,0.53,0.48,1770418828371,71419.15
0.52,0.46,0.54,0.48,1770418828372,71419.15
0.53,0.46,0.54,0.48,1770418828411,71419.15
0.53,0.46,0.54,0.47,1770418828423,71419.15
0.52,0.46,0.54,0.47,1770418830382,71396.24
0.52,0.47,0.54,0.48,1770418830399,71396.24
0.52,0.47,0.53,0.48,1770418830412,71396.24
0.51,0.47,0.53,0.48,1770418836804,71396.25
0.51,0.47,0.53,0.49,1770418836811,71396.25
0.51,0.48,0.53,0.49,1770418836827,71396.25
0.51,0.48,0.52,0.49,1770418836831,71396.25
0.52,0.48,0.53,0.49,1770418842501,71393.04
0.52,0.47,0.53,0.48,1770418842502,71393.04
0.52,0.46,0.53,0.48,1770418849376,71396.01
0.52,0.46,0.54,0.48,1770418849377,71396.01
0.52,0.46,0.53,0.48,1770418850139,71396.01
0.52,0.47,0.53,0.48,1770418850164,71396.01
0.51,0.47,0.53,0.48,1770418853888,71392.78
0.51,0.47,0.53,0.49,1770418853903,71392.78
0.51,0.48,0.53,0.49,1770418853911,71392.78
0.51,0.48,0.52,0.49,1770418853912,71392.78
0.5,0.48,0.52,0.49,1770418860321,71377.82
0.5,0.48,0.52,0.5,1770418860322,71377.82
0.5,0.48,0.51,0.5,1770418860347,71377.82
0.5,0.49,0.51,0.5,1770418860348,71377.82
0.49,0.49,0.51,0.5,1770418860874,71377.82
0.49,0.49,0.51,0.51,1770418860878,71377.82
0.49,0.5,0.51,0.51,1770418860899,71377.82
0.49,0.5,0.5,0.51,1770418860900,71377.82
0.48,0.5,0.5,0.51,1770418861813,71358.69
0.48,0.5,0.5,0.52,1770418861825,71358.69
0.48,0.51,0.5,0.52,1770418861849,71358.69
0.48,0.51,0.49,0.52,1770418861850,71358.69
0.48,0.5,0.49,0.52,1770418862338,71350.02
0.48,0.5,0.5,0.52,1770418862341,71350.02
0.49,0.5,0.5,0.52,1770418864553,71350.02
0.49,0.5,0.5,0.51,1770418864554,71350.02
0.48,0.5,0.5,0.51,1770418864599,71350.02
0.48,0.5,0.5,0.52,1770418864606,71350.02
0.48,0.51,0.5,0.52,1770418867193,71350.02
0.48,0.51,0.49,0.52,1770418867198,71350.02
0.47,0.51,0.49,0.52,1770418870714,71345.9
0.47,0.51,0.49,0.53,1770418870736,71345.9
0.48,0.51,0.49,0.53,1770418870774,71345.9
0.48,0.51,0.49,0.52,1770418870779,71345.9
0.47,0.51,0.49,0.52,1770418871938,71345.89
0.47,0.51,0.49,0.53,1770418871939,71345.89
0.48,0.51,0.49,0.53,1770418872009,71345.89
0.48,0.51,0.49,0.52,1770418872018,71345.89
0.47,0.51,0.49,0.52,1770418872133,71345.89
0.47,0.51,0.49,0.53,1770418872134,71345.89
0.48,0.51,0.49,0.53,1770418872189,71345.89
0.48,0.51,0.49,0.52,1770418872190,71345.89
0.47,0.51,0.49,0.52,1770418878194,71344.01
0.47,0.51,0.49,0.53,1770418878195,71344.01
0.47,0.52,0.49,0.53,1770418878721,71344.0
0.47,0.51,0.48,0.53,1770418878723,71344.0
0.47,0.51,0.49,0.53,1770418878745,71344.0
0.48,0.51,0.49,0.53,1770418878780,71344.0
0.48,0.51,0.49,0.52,1770418878811,71344.0
0.47,0.51,0.49,0.52,1770418880287,71344.0
0.47,0.51,0.49,0.53,1770418880288,71344.0
0.48,0.51,0.49,0.53,1770418880863,71344.0
0.48,0.51,0.49,0.52,1770418880875,71344.0
0.47,0.51,0.49,0.52,1770418880958,71344.0
0.47,0.51,0.49,0.53,1770418880959,71344.0
0.48,0.51,0.49,0.53,1770418881110,71344.0
0.48,0.51,0.49,0.52,1770418881111,71344.0
0.47,0.51,0.49,0.52,1770418881247,71344.0
0.47,0.51,0.49,0.53,1770418881266,71349.01
0.48,0.51,0.49,0.53,1770418881363,71349.01
0.48,0.51,0.49,0.52,1770418881364,71349.01
0.47,0.51,0.49,0.52,1770418885977,71360.0
0.47,0.51,0.49,0.53,1770418885978,71360.0
0.47,0.52,0.49,0.53,1770418886125,71360.0
0.47,0.52,0.48,0.53,1770418886131,71360.0
0.47,0.49,0.48,0.53,1770418888632,71350.24
0.49,0.49,0.51,0.53,1770418888634,71350.24
0.49,0.49,0.51,0.51,1770418888641,71350.24
0.5,0.49,0.51,0.51,1770418888663,71350.24
0.5,0.49,0.51,0.5,1770418888665,71350.24
0.5,0.48,0.51,0.5,1770418898025,71392.78
0.5,0.48,0.52,0.5,1770418898046,71392.78
0.51,0.48,0.52,0.5,1770418898163,71392.78
0.51,0.48,0.52,0.49,1770418898164,71392.78
0.5,0.48,0.51,0.49,1770418905308,71389.32
0.5,0.49,0.51,0.5,1770418905331,71389.32
0.49,0.49,0.51,0.5,1770418906661,71383.05
0.49,0.49,0.51,0.51,1770418906662,71383.05
0.49,0.5,0.51,0.51,1770418906664,71383.05
0.49,0.5,0.5,0.51,1770418906669,71383.05
0.48,0.5,0.5,0.51,1770418910294,71376.0
0.48,0.5,0.5,0.52,1770418910295,71376.0
0.48,0.51,0.5,0.52,1770418910504,71376.0
0.48,0.51,0.49,0.52,1770418910506,71376.0
0.48,0.5,0.49,0.52,1770418910976,71376.0
0.48,0.5,0.5,0.52,1770418910977,71376.0
0.49,0.5,0.5,0.52,1770418911029,71376.0
0.49,0.5,0.5,0.51,1770418911032,71376.0
0.48,0.5,0.5,0.51,1770418911599,71372.01
0.48,0.5,0.5,0.52,1770418911625,71372.01
0.49,0.5,0.5,0.52,1770418920141,71372.01
0.49,0.5,0.5,0.51,1770418920147,71372.01
0.48,0.5,0.5,0.51,1770418920167,71372.01
0.48,0.5,0.5,0.52,1770418920170,71372.01
0.49,0.5,0.5,0.52,1770418922221,71372.0
0.49,0.5,0.5,0.51,1770418922222,71372.0
0.5,0.5,0.51,0.51,1770418928275,71376.01
0.5,0.49,0.51,0.5,1770418928277,71376.01
0.49,0.49,0.51,0.5,1770418928282,71376.01
0.49,0.49,0.51,0.51,1770418928283,71376.01
0.5,0.49,0.51,0.51,1770418928770,71376.01
0.5,0.49,0.51,0.5,1770418928771,71376.01
0.5,0.48,0.51,0.5,1770418930763,71382.0
0.5,0.48,0.52,0.5,1770418930787,71382.0
0.51,0.48,0.52,0.5,1770418930808,71382.0
0.51,0.48,0.52,0.49,1770418930812,71382.0
0.51,0.48,0.53,0.49,1770418932516,71389.33
0.51,0.47,0.53,0.49,1770418932519,71389.33
0.52,0.47,0.53,0.49,1770418932543,71389.33
0.52,0.47,0.53,0.48,1770418932544,71389.33
0.52,0.46,0.53,0.48,1770418933010,71389.33
0.52,0.46,0.54,0.48,1770418933011,71389.33
0.53,0.46,0.54,0.48,1770418933051,71389.33
0.53,0.46,0.54,0.47,1770418933052,71389.33
0.53,0.45,0.54,0.47,1770418936688,71410.96
0.53,0.45,0.55,0.47,1770418936698,71410.96
0.53,0.46,0.55,0.47,1770418936738,71410.96
0.53,0.46,0.54,0.47,1770418936739,71410.96
0.52,0.46,0.54,0.47,1770418943051,71403.28
0.52,0.46,0.54,0.48,1770418943055,71403.28
0.52,0.47,0.54,0.48,1770418943073,71403.28
0.52,0.47,0.53,0.48,1770418943076,71403.28
0.51,0.47,0.53,0.48,1770418944698,71385.97
0.51,0.47,0.53,0.49,1770418944702,71385.97
0.51,0.48,0.53,0.49,1770418944724,71385.97
0.51,0.48,0.52,0.49,1770418944725,71385.97
0.5,0.48,0.52,0.49,1770418946005,71384.47
0.5,0.48,0.52,0.5,1770418946006,71384.47
0.5,0.49,0.52,0.5,1770418946021,71384.47
0.5,0.49,0.51,0.5,1770418946022,71384.47
0.48,0.49,0.51,0.5,1770418948225,71375.76
0.48,0.49,0.51,0.52,1770418948259,71374.73
0.49,0.49,0.51,0.52,1770418948301,71374.73
0.49,0.49,0.51,0.51,1770418948305,71374.73
0.49,0.5,0.51,0.51,1770418948359,71374.73
0.49,0.5,0.5,0.51,1770418948380,71374.73
0.49,0.51,0.5,0.52,1770418951996,71374.01
0.48,0.51,0.49,0.52,1770418951998,71374.01
0.5,0.51,0.51,0.52,1770418952520,71385.97
0.5,0.49,0.51,0.5,1770418952542,71385.97
0.49,0.49,0.51,0.5,1770418952711,71385.97
0.5,0.49,0.51,0.51,1770418952714,71385.97
0.5,0.49,0.51,0.5,1770418952720,71385.97
0.5,0.48,0.51,0.5,1770418953067,71385.97
0.5,0.48,0.52,0.5,1770418953085,71385.97
0.51,0.48,0.52,0.5,1770418953090,71385.97
0.51,0.48,0.52,0.49,1770418953091,71385.97
0.51,0.47,0.52,0.49,1770418953805,71393.04
0.51,0.47,0.53,0.49,1770418953806,71393.04
0.52,0.47,0.53,0.49,1770418953826,71393.04
0.52,0.47,0.53,0.48,1770418953828,71393.04
0.52,0.46,0.53,0.48,1770418954865,71408.36
0.52,0.46,0.54,0.48,1770418954872,71408.36
0.53,0.46,0.54,0.48,1770418954905,71408.36
0.53,0.46,0.54,0.47,1770418954909,71408.36
0.53,0.45,0.54,0.47,1770418958777,71410.0
0.53,0.45,0.55,0.47,1770418958778,71410.0
0.54,0.45,0.55,0.47,1770418958797,71410.0
0.54,0.45,0.55,0.46,1770418958798,71410.0
0.54,0.44,0.55,0.46,1770418960300,71440.44
0.54,0.44,0.56,0.46,1770418960301,71440.44
0.55,0.44,0.56,0.46,1770418960318,71440.44
0.55,0.44,0.56,0.45,1770418960319,71440.44
0.55,0.43,0.56,0.45,1770418960928,71440.44
0.55,0.43,0.57,0.45,1770418960950,71440.44
0.56,0.43,0.57,0.45,1770418960956,71440.44
0.56,0.43,0.57,0.44,1770418960957,71440.44
0.55,0.43,0.57,0.44,1770418962066,71440.43
0.55,0.43,0.57,0.45,1770418962092,71440.43
0.55,0.44,0.57,0.45,1770418962093,71440.43
0.55,0.44,0.56,0.45,1770418962106,71440.43
0.55,0.43,0.56,0.45,1770418963282,71440.42
0.55,0.43,0.57,0.45,1770418963309,71440.42
0.55,0.44,0.57,0.45,1770418963358,71440.42
0.55,0.44,0.56,0.45,1770418963365,71440.42
0.55,0.43,0.56,0.45,1770418964451,71440.42
0.56,0.43,0.57,0.45,1770418964474,71440.42
0.56,0.43,0.57,0.44,1770418964476,71440.42
0.56,0.43,0.58,0.44,1770418966993,71440.42
0.56,0.42,0.58,0.44,1770418967030,71440.42
0.57,0.42,0.58,0.44,1770418967057,71440.42
0.57,0.42,0.58,0.43,1770418967082,71440.42
0.57,0.41,0.58,0.43,1770418969323,71440.42
0.57,0.41,0.59,0.43,1770418969336,71440.42
0.57,0.42,0.59,0.43,1770418969371,71440.42
0.57,0.42,0.58,0.43,1770418969372,71440.42
0.57,0.41,0.58,0.43,1770418969545,71440.42
0.57,0.41,0.59,0.43,1770418969557,71440.42
0.58,0.41,0.59,0.43,1770418969591,71440.42
0.58,0.41,0.59,0.42,1770418969592,71440.42
0.57,0.41,0.59,0.42,1770418969756,71440.42
0.57,0.41,0.59,0.43,1770418969761,71440.42
0.57,0.42,0.59,0.43,1770418969780,71440.42
0.57,0.42,0.58,0.43,1770418969785,71440.42
0.57,0.41,0.58,0.43,1770418969895,71440.42
0.57,0.41,0.59,0.43,1770418969897,71440.42
0.57,0.42,0.59,0.43,1770418969953,71440.42
0.57,0.42,0.58,0.43,1770418969961,71440.42
0.58,0.42,0.59,0.43,1770418972277,71443.67
0.58,0.41,0.59,0.42,1770418972278,71443.67
0.57,0.41,0.59,0.42,1770418973470,71444.0
0.57,0.41,0.59,0.43,1770418973471,71444.0
0.57,0.42,0.59,0.43,1770418973746,71444.0
0.57,0.42,0.58,0.43,1770418973747,71444.0
0.57,0.42,0.59,0.43,1770418974239,71444.0
0.57,0.41,0.59,0.43,1770418974243,71444.0
0.58,0.41,0.59,0.43,1770418974292,71448.0
0.58,0.41,0.59,0.42,1770418974293,71448.0
0.58,0.38,0.59,0.42,1770418974925,71448.0
0.58,0.38,0.62,0.42,1770418974926,71448.0
0.6,0.38,0.62,0.42,1770418974940,71448.0
0.6,0.38,0.62,0.4,1770418974947,71448.0
0.61,0.38,0.62,0.4,1770418974962,71448.0
0.61,0.38,0.62,0.39,1770418974966,71448.0
0.61,0.37,0.62,0.39,1770418976115,71489.84
0.61,0.37,0.63,0.39,1770418976122,71489.84
0.62,0.37,0.63,0.39,1770418976183,71489.84
0.62,0.37,0.63,0.38,1770418976184,71489.84
0.62,0.36,0.63,0.38,1770418976488,71499.0
0.62,0.36,0.64,0.38,1770418976489,71499.0
0.63,0.36,0.64,0.38,1770418976560,71499.0
0.63,0.36,0.64,0.37,1770418976568,71499.0
0.63,0.35,0.64,0.37,1770418977298,71523.52
0.63,0.35,0.65,0.37,1770418977304,71523.52
0.64,0.35,0.65,0.37,1770418977307,71523.52
0.64,0.35,0.65,0.36,1770418977309,71523.52
0.63,0.35,0.65,0.36,1770418978124,71523.52
0.63,0.35,0.65,0.37,1770418978131,71523.52
0.63,0.36,0.65,0.37,1770418978347,71529.99
0.63,0.36,0.64,0.37,1770418978348,71529.99
0.63,0.34,0.64,0.37,1770418978624,71529.99
0.63,0.34,0.66,0.37,1770418978625,71529.99
0.64,0.34,0.66,0.37,1770418978671,71529.99
0.64,0.34,0.66,0.36,1770418978679,71529.99
0.63,0.34,0.66,0.36,1770418978695,71529.99
0.63,0.34,0.66,0.37,1770418978696,71529.99
0.63,0.36,0.66,0.37,1770418978748,71529.99
0.63,0.36,0.64,0.37,1770418978752,71529.99
0.62,0.36,0.64,0.37,1770418978857,71529.99
0.62,0.36,0.64,0.38,1770418978858,71529.99
0.63,0.36,0.64,0.38,1770418978862,71529.99
0.63,0.36,0.64,0.37,1770418978863,71529.99
0.63,0.35,0.64,0.37,1770418979260,71529.99
0.63,0.35,0.65,0.37,1770418979261,71529.99
0.64,0.35,0.65,0.37,1770418979266,71529.99
0.64,0.35,0.65,0.36,1770418979268,71529.99
0.64,0.34,0.65,0.36,1770418979281,71548.0
0.64,0.34,0.66,0.36,1770418979282,71548.0
0.65,0.34,0.66,0.36,1770418979378,71548.0
0.65,0.34,0.66,0.35,1770418979393,71548.0
0.65,0.34,0.67,0.35,1770418979877,71548.0
0.65,0.33,0.67,0.35,1770418979878,71548.0
0.65,0.32,0.67,0.35,1770418980002,71548.0
0.65,0.32,0.68,0.35,1770418980003,71548.0
0.66,0.32,0.68,0.35,1770418980014,71548.0
0.66,0.32,0.68,0.34,1770418980015,71548.0
0.65,0.32,0.68,0.34,1770418980050,71548.0
0.65,0.32,0.68,0.35,1770418980051,71548.0
0.66,0.32,0.68,0.35,1770418980057,71548.0
0.66,0.32,0.68,0.34,1770418980065,71548.0
0.66,0.32,0.67,0.34,1770418980258,71548.0
0.65,0.33,0.67,0.34,1770418980268,71547.99
0.65,0.33,0.67,0.35,1770418980269,71547.99
0.67,0.33,0.68,0.35,1770418980436,71547.99
0.67,0.32,0.68,0.33,1770418980437,71547.99
0.66,0.32,0.68,0.33,1770418981175,71547.99
0.66,0.32,0.68,0.34,1770418981200,71547.99
0.66,0.33,0.68,0.34,1770418981501,71539.06
0.66,0.33,0.67,0.34,1770418981514,71539.06
0.66,0.32,0.67,0.34,1770418981615,71539.06
0.66,0.32,0.68,0.34,1770418981638,71539.06
0.66,0.33,0.68,0.34,1770418981723,71539.06
0.66,0.33,0.67,0.34,1770418981724,71539.06
0.66,0.32,0.67,0.34,1770418982424,71548.0
0.66,0.32,0.68,0.34,1770418982468,71548.0
0.67,0.32,0.68,0.34,1770418982773,71548.0
0.67,0.32,0.68,0.33,1770418982798,71548.0
0.67,0.31,0.68,0.33,1770418983183,71548.0
0.67,0.31,0.69,0.33,1770418983187,71548.0
0.68,0.31,0.69,0.33,1770418983213,71548.0
0.68,0.31,0.69,0.32,1770418983218,71548.0
0.67,0.31,0.69,0.32,1770418984630,71566.06
0.67,0.31,0.69,0.33,1770418984638,71566.06
0.67,0.32,0.69,0.33,1770418984696,71566.06
0.67,0.32,0.68,0.33,1770418984697,71566.06
0.67,0.31,0.68,0.33,1770418987230,71557.33
0.67,0.31,0.69,0.33,1770418987235,71557.33
0.68,0.31,0.69,0.33,1770418987393,71557.33
0.68,0.31,0.69,0.32,1770418987414,71557.33
0.68,0.31,0.7,0.32,1770418987589,71557.33
0.68,0.3,0.7,0.32,1770418987637,71557.33
0.68,0.31,0.7,0.32,1770418987680,71557.33
0.68,0.31,0.69,0.32,1770418987697,71557.33
0.68,0.3,0.69,0.32,1770418987928,71557.33
0.69,0.3,0.7,0.32,1770418987937,71557.33
0.69,0.3,0.7,0.31,1770418987949,71557.33
0.68,0.3,0.7,0.31,1770418988338,71569.99
0.68,0.3,0.7,0.32,1770418988339,71569.99
0.68,0.3,0.69,0.32,1770418988367,71569.99
0.68,0.31,0.69,0.32,1770418988368,71569.99
0.68,0.31,0.7,0.32,1770418988385,71569.99
0.68,0.3,0.7,0.32,1770418988386,71569.99
0.68,0.31,0.7,0.32,1770418989903,71570.0
0.68,0.31,0.69,0.32,1770418989927,71570.0
0.68,0.3,0.69,0.32,1770418989946,71570.0
0.68,0.3,0.7,0.32,1770418989952,71570.0
0.7,0.3,0.71,0.32,1770418990238,71570.0
0.7,0.29,0.71,0.3,1770418990243,71570.0
0.68,0.29,0.71,0.3,1770418990681,71569.58
0.68,0.29,0.71,0.32,1770418990682,71569.58
0.69,0.29,0.71,0.32,1770418990686,71569.58
0.69,0.29,0.71,0.31,1770418990707,71569.58
0.69,0.3,0.71,0.31,1770418990731,71569.58
0.69,0.3,0.7,0.31,1770418990739,71569.58
0.68,0.3,0.7,0.31,1770418990757,71569.58
0.68,0.3,0.7,0.32,1770418990802,71569.58
0.68,0.31,0.7,0.32,1770418991017,71569.58
0.68,0.31,0.69,0.32,1770418991020,71569.58
0.68,0.3,0.69,0.32,1770418991923,71566.45
0.68,0.3,0.7,0.32,1770418991926,71566.45
0.69,0.3,0.7,0.32,1770418991951,71566.45
0.69,0.3,0.7,0.31,1770418991952,71566.45
0.69,0.29,0.7,0.31,1770418992755,71578.75
0.69,0.29,0.71,0.31,1770418992759,71578.75
0.7,0.29,0.71,0.31,1770418993187,71578.75
0.7,0.29,0.71,0.3,1770418993201,71578.75
0.69,0.29,0.71,0.3,1770418993292,71578.75
0.69,0.29,0.71,0.31,1770418993327,71578.75
0.68,0.29,0.71,0.31,1770418993368,71578.75
0.68,0.3,0.71,0.32,1770418993369,71578.75
0.68,0.3,0.7,0.32,1770418993372,71578.75
0.69,0.3,0.7,0.32,1770418993876,71578.75
0.69,0.3,0.7,0.31,1770418993877,71578.75
0.69,0.29,0.7,0.31,1770418994201,71578.75
0.69,0.29,0.71,0.31,1770418994203,71578.75
0.7,0.29,0.71,0.31,1770418994234,71578.75
0.7,0.29,0.71,0.3,1770418994237,71578.75
0.7,0.28,0.71,0.3,1770418996195,71600.0
0.7,0.28,0.72,0.3,1770418996200,71600.0
0.71,0.28,0.72,0.3,1770418996624,71599.99
0.71,0.28,0.72,0.29,1770418996639,71599.99
0.71,0.27,0.72,0.29,1770418996942,71599.99
0.71,0.27,0.73,0.29,1770418996951,71599.99
0.72,0.27,0.73,0.29,1770418996990,71599.99
0.72,0.27,0.73,0.28,1770418996991,71599.99
0.72,0.25,0.73,0.28,1770418997998,71650.33
0.72,0.25,0.75,0.28,1770418997999,71650.33
0.73,0.25,0.75,0.28,1770418998188,71650.33
0.73,0.25,0.75,0.27,1770418998189,71650.33
0.74,0.25,0.75,0.27,1770418998428,71636.14
0.74,0.25,0.75,0.26,1770418998429,71636.14
0.74,0.24,0.75,0.26,1770418999130,71636.14
0.74,0.24,0.76,0.26,1770418999131,71636.14
0.75,0.24,0.76,0.26,1770418999134,71636.14
0.75,0.24,0.76,0.25,1770418999135,71636.14
0.74,0.24,0.76,0.25,1770418999283,71666.0
0.74,0.24,0.76,0.26,1770418999347,71666.0
0.75,0.24,0.76,0.26,1770418999348,71666.0
0.75,0.24,0.76,0.25,1770418999349,71666.0
0.74,0.24,0.76,0.25,1770419001326,71663.46
0.74,0.24,0.76,0.26,1770419001327,71663.46
0.74,0.25,0.76,0.26,1770419001373,71663.46
0.74,0.25,0.75,0.26,1770419001378,71663.46
0.74,0.23,0.75,0.26,1770419002094,71663.46
0.74,0.23,0.77,0.26,1770419002096,71663.46
0.75,0.23,0.77,0.26,1770419002100,71663.46
0.75,0.23,0.77,0.25,1770419002101,71663.46
0.76,0.23,0.77,0.25,1770419002339,71677.8
0.76,0.23,0.77,0.24,1770419002367,71677.8
0.75,0.23,0.77,0.24,1770419002368,71677.8
0.75,0.23,0.77,0.25,1770419002377,71677.8
0.76,0.23,0.77,0.25,1770419002427,71677.8
0.76,0.23,0.77,0.24,1770419002430,71677.8
0.75,0.23,0.77,0.24,1770419003877,71674.2
0.75,0.23,0.77,0.25,1770419003881,71674.2
0.75,0.24,0.77,0.25,1770419003897,71674.2
0.75,0.24,0.76,0.25,1770419003898,71674.2
0.75,0.23,0.76,0.25,1770419004300,71666.93
0.75,0.23,0.77,0.25,1770419004303,71666.93
0.76,0.23,0.77,0.25,1770419004407,71666.93
0.76,0.23,0.77,0.24,1770419004408,71666.93
0.76,0.24,0.77,0.26,1770419005751,71678.7
0.74,0.24,0.76,0.26,1770419005765,71678.7
0.74,0.25,0.76,0.26,1770419005772,71678.7
0.74,0.25,0.75,0.26,1770419005774,71678.7
0.74,0.25,0.75,0.27,1770419006805,71651.49
0.73,0.25,0.75,0.27,1770419006827,71651.49
0.74,0.25,0.75,0.27,1770419006888,71651.49
0.74,0.25,0.75,0.26,1770419006893,71651.49
0.75,0.25,0.77,0.26,1770419011267,71678.71
0.75,0.23,0.77,0.25,1770419011268,71678.71
0.76,0.23,0.77,0.24,1770419011272,71678.71
0.75,0.23,0.77,0.24,1770419011709,71678.71
0.75,0.23,0.77,0.25,1770419011710,71678.71
0.75,0.24,0.77,0.25,1770419011724,71678.71
0.75,0.24,0.76,0.25,1770419011726,71678.71
0.74,0.24,0.76,0.25,1770419012141,71678.71
0.74,0.24,0.76,0.26,1770419012142,71678.71
0.74,0.25,0.76,0.26,1770419012166,71678.71
0.74,0.25,0.75,0.26,1770419012171,71678.71
0.74,0.25,0.76,0.26,1770419014158,71658.67
0.74,0.24,0.76,0.26,1770419014178,71658.67
0.75,0.24,0.76,0.26,1770419014348,71658.68
0.75,0.24,0.76,0.25,1770419014349,71658.68
0.74,0.24,0.76,0.25,1770419015841,71669.42
0.74,0.24,0.76,0.26,1770419015845,71669.42
0.74,0.25,0.76,0.26,1770419016232,71664.01
0.74,0.25,0.75,0.26,1770419016233,71664.01
0.74,0.24,0.75,0.26,1770419016340,71664.01
0.74,0.24,0.76,0.26,1770419016344,71664.01
0.74,0.24,0.75,0.26,1770419016409,71664.01
0.74,0.25,0.75,0.26,1770419016443,71664.01
0.74,0.25,0.75,0.27,1770419020438,71653.54
0.73,0.25,0.75,0.27,1770419020439,71653.54
0.73,0.26,0.75,0.27,1770419020463,71653.54
0.73,0.26,0.74,0.27,1770419020464,71653.54
0.72,0.26,0.73,0.27,1770419020820,71653.54
0.72,0.27,0.73,0.28,1770419020839,71653.54
0.72,0.27,0.75,0.28,1770419024754,71647.0
0.72,0.25,0.75,0.28,1770419024755,71647.0
0.73,0.25,0.75,0.28,1770419024776,71647.0
0.73,0.25,0.75,0.27,1770419024777,71647.0
0.74,0.25,0.75,0.27,1770419024793,71647.0
0.74,0.25,0.75,0.26,1770419024805,71647.0
0.74,0.24,0.75,0.26,1770419025315,71664.45
0.74,0.24,0.76,0.26,1770419025316,71664.45
0.74,0.25,0.76,0.26,1770419025346,71664.45
0.74,0.25,0.75,0.26,1770419025366,71664.45
0.74,0.24,0.75,0.26,1770419027319,71664.44
0.74,0.24,0.76,0.26,1770419027320,71664.44
0.75,0.24,0.76,0.26,1770419027788,71664.44
0.75,0.24,0.76,0.25,1770419027789,71664.44
0.74,0.24,0.76,0.25,1770419028320,71664.45
0.74,0.24,0.76,0.26,1770419028344,71664.45
0.74,0.25,0.76,0.26,1770419029159,71664.45
0.74,0.25,0.75,0.26,1770419029165,71664.45
0.74,0.24,0.75,0.26,1770419029180,71664.45
0.74,0.24,0.76,0.26,1770419029220,71664.45
0.74,0.24,0.75,0.26,1770419029373,71664.45
0.74,0.25,0.75,0.26,1770419029392,71664.45
0.74,0.24,0.75,0.26,1770419029522,71664.45
0.74,0.24,0.76,0.26,1770419029528,71664.45
0.74,0.24,0.75,0.26,1770419029916,71664.45
0.74,0.25,0.75,0.26,1770419029919,71664.45
0.74,0.25,0.76,0.26,1770419030740,71664.45
0.74,0.24,0.76,0.26,1770419030746,71664.45
0.75,0.24,0.76,0.26,1770419030765,71664.45
0.75,0.24,0.76,0.25,1770419030768,71664.45
0.75,0.24,0.76,0.26,1770419045289,71689.68
0.74,0.24,0.76,0.26,1770419045291,71689.68
0.74,0.25,0.76,0.26,1770419045312,71689.68
0.74,0.25,0.75,0.26,1770419045327,71689.68
0.74,0.25,0.75,0.27,1770419045334,71689.68
0.73,0.25,0.75,0.27,1770419045340,71689.68
0.73,0.26,0.75,0.27,1770419045418,71689.68
0.73,0.26,0.74,0.27,1770419045420,71689.68
0.73,0.25,0.74,0.27,1770419045515,71689.68
0.73,0.25,0.75,0.27,1770419045521,71689.68
0.73,0.26,0.75,0.27,1770419045545,71689.68
0.73,0.26,0.74,0.27,1770419045550,71689.68
0.73,0.25,0.74,0.27,1770419045761,71689.68
0.73,0.25,0.75,0.27,1770419045767,71689.68
0.73,0.25,0.74,0.27,1770419045985,71689.68
0.73,0.26,0.74,0.27,1770419046033,71689.68
0.73,0.26,0.75,0.27,1770419046105,71689.68
0.73,0.25,0.75,0.27,1770419046125,71689.68
0.74,0.25,0.75,0.27,1770419046176,71689.68
0.74,0.25,0.75,0.26,1770419046177,71689.68
0.73,0.25,0.75,0.26,1770419049408,71670.95
0.73,0.25,0.75,0.27,1770419049409,71670.95
0.73,0.26,0.75,0.27,1770419049461,71670.95
0.73,0.26,0.74,0.27,1770419049463,71670.95
0.73,0.26,0.74,0.28,1770419052050,71662.08
0.72,0.26,0.74,0.28,1770419052056,71662.08
0.72,0.27,0.74,0.28,1770419052215,71654.48
0.72,0.27,0.73,0.28,1770419052224,71654.48
0.72,0.26,0.73,0.28,1770419052306,71654.48
0.72,0.26,0.74,0.28,1770419052331,71654.48
0.72,0.27,0.74,0.28,1770419052336,71654.48
0.72,0.27,0.73,0.28,1770419052337,71654.48
0.72,0.27,0.73,0.29,1770419053494,71647.03
0.71,0.27,0.73,0.29,1770419053495,71647.03
0.72,0.27,0.73,0.29,1770419053496,71647.03
0.72,0.27,0.73,0.28,1770419053497,71647.03
0.71,0.27,0.73,0.28,1770419053517,71647.03
0.71,0.27,0.73,0.29,1770419053518,71647.03
0.71,0.28,0.73,0.29,1770419053546,71647.03
0.71,0.28,0.72,0.29,1770419053548,71647.03
0.71,0.27,0.72,0.29,1770419053654,71647.03
0.71,0.27,0.73,0.29,1770419053666,71647.03
0.7,0.27,0.73,0.29,1770419053730,71647.03
0.7,0.27,0.73,0.3,1770419053762,71647.03
0.7,0.28,0.73,0.3,1770419053786,71647.03
0.71,0.28,0.72,0.3,1770419053803,71647.03
0.71,0.28,0.72,0.29,1770419053804,71647.03
0.71,0.27,0.72,0.29,1770419053893,71647.03
0.71,0.27,0.73,0.29,1770419053896,71647.03
0.71,0.28,0.73,0.29,1770419053964,71647.03
0.71,0.28,0.72,0.29,1770419054016,71647.03
0.71,0.27,0.72,0.29,1770419055795,71642.21
0.71,0.27,0.73,0.29,1770419055800,71642.21
0.71,0.27,0.73,0.28,1770419055817,71642.21
0.72,0.27,0.73,0.28,1770419055818,71642.21
0.72,0.26,0.73,0.28,1770419056275,71656.0
0.72,0.26,0.74,0.28,1770419056279,71656.0
0.72,0.26,0.74,0.27,1770419056296,71656.0
0.73,0.26,0.74,0.27,1770419056297,71656.0
0.73,0.25,0.74,0.27,1770419056522,71656.0
0.73,0.25,0.75,0.27,1770419056538,71656.0
0.74,0.25,0.75,0.27,1770419056558,71656.0
0.74,0.25,0.75,0.26,1770419056564,71656.0
0.74,0.26,0.75,0.27,1770419057224,71656.0
0.73,0.26,0.74,0.27,1770419057244,71674.0
0.73,0.25,0.74,0.27,1770419057285,71674.0
0.73,0.25,0.75,0.27,1770419057290,71674.0
0.74,0.25,0.75,0.27,1770419057758,71674.0
0.74,0.25,0.75,0.26,1770419057759,71674.0
0.73,0.25,0.75,0.26,1770419059106,71682.0
0.73,0.25,0.75,0.27,1770419059107,71682.0
0.73,0.26,0.75,0.27,1770419059310,71666.0
0.73,0.26,0.74,0.27,1770419059311,71666.0
0.73,0.26,0.74,0.28,1770419059835,71666.0
0.72,0.26,0.74,0.28,1770419059844,71666.0
0.72,0.27,0.74,0.28,1770419059876,71666.0
0.72,0.27,0.73,0.28,1770419059878,71666.0
0.71,0.27,0.73,0.28,1770419068470,71654.75
0.71,0.27,0.73,0.29,1770419068471,71654.75
0.71,0.28,0.73,0.29,1770419068603,71654.75
0.71,0.28,0.72,0.29,1770419068604,71654.75
0.71,0.27,0.72,0.29,1770419068756,71654.75
0.71,0.27,0.73,0.29,1770419068757,71654.75
0.71,0.27,0.73,0.28,1770419069878,71647.31
0.72,0.27,0.73,0.28,1770419069879,71647.31
0.72,0.26,0.73,0.28,1770419070276,71647.3
0.72,0.26,0.74,0.28,1770419070288,71647.3
0.72,0.26,0.74,0.27,1770419070301,71647.3
0.73,0.26,0.74,0.27,1770419070302,71647.3
0.72,0.26,0.74,0.27,1770419071780,71660.91
0.72,0.26,0.74,0.28,1770419071782,71660.91
0.72,0.27,0.74,0.28,1770419072544,71660.91
0.72,0.27,0.73,0.28,1770419072545,71660.91
0.72,0.26,0.73,0.28,1770419072606,71660.91
0.72,0.26,0.74,0.28,1770419072607,71660.91
0.72,0.26,0.74,0.27,1770419073439,71660.9
0.73,0.26,0.74,0.27,1770419073440,71660.9
0.72,0.26,0.74,0.27,1770419074360,71663.96
0.72,0.26,0.74,0.28,1770419074383,71663.96
0.72,0.27,0.74,0.28,1770419074429,71663.96
0.72,0.27,0.73,0.28,1770419074447,71663.96
0.72,0.26,0.73,0.28,1770419074532,71663.96
0.72,0.26,0.74,0.28,1770419074533,71663.96
0.72,0.26,0.74,0.27,1770419074571,71663.96
0.73,0.26,0.74,0.27,1770419074627,71663.96
0.73,0.26,0.74,0.28,1770419075848,71663.97
0.72,0.26,0.74,0.28,1770419075849,71663.97
0.72,0.27,0.74,0.28,1770419075944,71663.97
0.72,0.27,0.73,0.28,1770419075945,71663.97
0.72,0.26,0.73,0.28,1770419076303,71663.97
0.72,0.26,0.74,0.28,1770419076327,71663.97
0.72,0.27,0.74,0.28,1770419077355,71663.97
0.72,0.27,0.73,0.28,1770419077374,71663.97
0.72,0.26,0.73,0.28,1770419077783,71663.97
0.72,0.26,0.74,0.28,1770419077788,71663.97
0.73,0.26,0.74,0.28,1770419077883,71663.97
0.73,0.26,0.74,0.27,1770419077884,71663.97
0.73,0.26,0.74,0.28,1770419078662,71663.97
0.72,0.26,0.74,0.28,1770419078686,71663.97
0.73,0.26,0.74,0.28,1770419078716,71663.97
0.73,0.26,0.74,0.27,1770419078724,71663.97
0.72,0.26,0.74,0.27,1770419081204,71671.17
0.72,0.26,0.74,0.28,1770419081205,71671.17
0.72,0.27,0.74,0.28,1770419081258,71671.17
0.72,0.27,0.73,0.28,1770419081313,71671.17
0.72,0.26,0.73,0.28,1770419081458,71671.17
0.72,0.26,0.74,0.28,1770419081466,71671.17
0.73,0.26,0.74,0.28,1770419081477,71671.17
0.73,0.26,0.74,0.27,1770419081478,71671.17
0.73,0.26,0.74,0.28,1770419081683,71671.17
0.72,0.26,0.74,0.28,1770419081684,71671.17
0.72,0.27,0.74,0.28,1770419081751,71671.17
0.72,0.27,0.73,0.28,1770419081752,71671.17
0.72,0.26,0.73,0.28,1770419081846,71671.17
0.72,0.26,0.74,0.28,1770419081847,71671.17
0.73,0.26,0.74,0.28,1770419081907,71671.17
0.73,0.26,0.74,0.27,1770419081908,71671.17
0.72,0.26,0.74,0.27,1770419086288,71671.16
0.72,0.26,0.74,0.28,1770419086289,71671.16
0.72,0.26,0.73,0.28,1770419086350,71671.16
0.72,0.27,0.73,0.28,1770419086358,71671.16
0.72,0.26,0.73,0.28,1770419090359,71658.0
0.72,0.26,0.74,0.28,1770419090385,71658.0
0.73,0.26,0.74,0.28,1770419091029,71658.0
0.73,0.26,0.74,0.27,1770419091041,71658.0
0.73,0.25,0.74,0.27,1770419093341,71684.0
0.74,0.25,0.75,0.27,1770419093342,71684.0
0.74,0.25,0.75,0.26,1770419093363,71684.0
0.73,0.25,0.75,0.26,1770419093667,71684.0
0.73,0.25,0.75,0.27,1770419093668,71684.0
0.74,0.25,0.75,0.27,1770419094456,71682.96
0.74,0.25,0.75,0.26,1770419094457,71682.96
0.74,0.25,0.76,0.26,1770419094687,71682.96
0.74,0.24,0.76,0.26,1770419094694,71682.96
0.74,0.24,0.76,0.25,1770419094727,71682.96
0.75,0.24,0.76,0.25,1770419094728,71682.96
0.74,0.24,0.76,0.25,1770419095231,71682.96
0.74,0.24,0.76,0.26,1770419095232,71682.96
0.74,0.25,0.76,0.26,1770419095246,71684.63
0.74,0.25,0.75,0.26,1770419095255,71684.63
0.73,0.25,0.75,0.26,1770419099651,71679.51
0.73,0.25,0.75,0.27,1770419099652,71679.51
0.73,0.25,0.74,0.27,1770419099671,71679.51
0.73,0.26,0.74,0.27,1770419099675,71679.51
0.72,0.26,0.74,0.27,1770419099893,71679.51
0.72,0.26,0.74,0.28,1770419099912,71679.51
0.72,0.27,0.73,0.28,1770419099916,71679.51
0.72,0.27,0.74,0.28,1770419100840,71651.17
0.72,0.26,0.74,0.28,1770419100846,71651.17
0.73,0.26,0.74,0.28,1770419100864,71651.17
0.73,0.26,0.74,0.27,1770419100865,71651.17
0.73,0.25,0.74,0.27,1770419101496,71658.55
0.73,0.25,0.75,0.27,1770419101497,71658.55
0.74,0.25,0.75,0.27,1770419101523,71658.55
0.74,0.25,0.75,0.26,1770419101524,71658.55
0.73,0.25,0.75,0.26,1770419102514,71675.09
0.73,0.25,0.75,0.27,1770419102520,71675.09
0.73,0.26,0.75,0.27,1770419103303,71675.09
0.73,0.26,0.74,0.27,1770419103329,71675.09
0.73,0.25,0.74,0.27,1770419103353,71675.09
0.73,0.25,0.75,0.27,1770419103354,71675.09
0.74,0.25,0.75,0.27,1770419104170,71675.09
0.74,0.25,0.75,0.26,1770419104202,71675.09
0.73,0.25,0.75,0.26,1770419107184,71675.09
0.73,0.25,0.75,0.27,1770419107185,71675.09
0.73,0.26,0.75,0.27,1770419107204,71675.09
0.73,0.26,0.74,0.27,1770419107205,71675.09
0.72,0.26,0.74,0.27,1770419110667,71661.86
0.72,0.26,0.74,0.28,1770419110691,71661.86
0.72,0.27,0.74,0.28,1770419110698,71661.86
0.72,0.27,0.73,0.28,1770419110715,71661.86
0.71,0.27,0.73,0.28,1770419118960,71649.92
0.71,0.27,0.73,0.29,1770419118962,71649.92
0.71,0.28,0.73,0.29,1770419119030,71649.92
0.71,0.28,0.72,0.29,1770419119031,71649.92
0.7,0.28,0.72,0.29,1770419119702,71642.2
0.7,0.28,0.72,0.3,1770419119703,71642.2
0.7,0.29,0.72,0.3,1770419119740,71642.2
0.7,0.29,0.71,0.3,1770419119741,71642.2
0.7,0.28,0.71,0.3,1770419121785,71628.42
0.7,0.28,0.72,0.3,1770419121787,71628.42
0.71,0.28,0.72,0.3,1770419121817,71628.42
0.71,0.28,0.72,0.29,1770419121819,71628.42
0.7,0.28,0.72,0.29,1770419123213,71633.45
0.7,0.28,0.72,0.3,1770419123214,71633.45
0.71,0.28,0.72,0.3,1770419123395,71635.99
0.71,0.28,0.72,0.29,1770419123396,71635.99
0.7,0.28,0.72,0.29,1770419123426,71635.99
0.7,0.28,0.72,0.3,1770419123442,71635.99
0.71,0.28,0.72,0.3,1770419123753,71635.99
0.71,0.28,0.72,0.29,1770419123754,71635.99
0.7,0.28,0.72,0.29,1770419123801,71635.99
0.7,0.28,0.72,0.3,1770419123803,71635.99
0.7,0.29,0.72,0.3,1770419124244,71636.0
0.7,0.29,0.71,0.3,1770419124245,71636.0
0.7,0.28,0.71,0.3,1770419125785,71623.82
0.7,0.28,0.72,0.3,1770419125788,71623.82
0.71,0.28,0.72,0.3,1770419125809,71623.82
0.71,0.28,0.72,0.29,1770419125810,71623.82
0.7,0.28,0.72,0.29,1770419127545,71635.51
0.7,0.28,0.72,0.3,1770419127546,71635.51
0.7,0.29,0.72,0.3,1770419127567,71635.51
0.7,0.29,0.71,0.3,1770419127571,71635.51
0.71,0.29,0.72,0.3,1770419128589,71629.92
0.71,0.28,0.72,0.29,1770419128612,71629.92
0.7,0.28,0.72,0.29,1770419130466,71629.9
0.7,0.29,0.72,0.3,1770419130498,71629.9
0.7,0.29,0.71,0.3,1770419130499,71629.9
0.7,0.29,0.71,0.31,1770419132469,71626.0
0.69,0.29,0.71,0.31,1770419132470,71626.0
0.69,0.3,0.71,0.31,1770419132505,71626.0
0.69,0.3,0.7,0.31,1770419132506,71626.0
0.68,0.3,0.7,0.31,1770419134700,71621.15
0.68,0.3,0.7,0.32,1770419134701,71621.15
0.68,0.3,0.7,0.31,1770419135144,71621.15
0.69,0.3,0.7,0.31,1770419135188,71621.15
0.69,0.29,0.7,0.31,1770419135860,71608.77
0.69,0.29,0.71,0.31,1770419135861,71608.77
0.69,0.29,0.71,0.3,1770419135878,71608.77
0.7,0.29,0.71,0.3,1770419135879,71608.77
0.7,0.28,0.71,0.3,1770419141409,71638.16
0.7,0.28,0.72,0.3,1770419141435,71638.16
0.7,0.28,0.72,0.29,1770419141444,71638.16
0.71,0.28,0.72,0.29,1770419141446,71638.16
0.71,0.28,0.72,0.3,1770419141688,71638.16
0.7,0.28,0.72,0.3,1770419141711,71638.16
0.71,0.28,0.72,0.3,1770419141984,71638.16
0.71,0.28,0.72,0.29,1770419141986,71638.16
0.71,0.27,0.72,0.29,1770419143547,71650.0
0.71,0.27,0.73,0.29,1770419143572,71650.0
0.71,0.28,0.73,0.29,1770419145831,71650.0
0.71,0.28,0.72,0.29,1770419145832,71650.0
0.7,0.28,0.72,0.29,1770419146512,71638.15
0.7,0.28,0.72,0.3,1770419146513,71638.15
0.7,0.29,0.72,0.3,1770419146558,71638.15
0.7,0.29,0.71,0.3,1770419146559,71638.15
0.69,0.29,0.71,0.3,1770419147627,71629.9
0.69,0.29,0.71,0.31,1770419147628,71629.9
0.69,0.3,0.71,0.31,1770419147955,71629.9
0.69,0.3,0.7,0.31,1770419147956,71629.9
0.68,0.3,0.7,0.31,1770419148781,71622.26
0.68,0.3,0.7,0.32,1770419148809,71622.26
0.69,0.3,0.7,0.32,1770419158457,71608.57
0.69,0.3,0.7,0.31,1770419158471,71608.57
0.69,0.29,0.7,0.31,1770419160046,71619.27
0.69,0.29,0.71,0.31,1770419160048,71619.27
0.7,0.29,0.71,0.31,1770419160100,71619.27
0.7,0.29,0.71,0.3,1770419160105,71619.27
0.69,0.29,0.71,0.3,1770419160257,71619.27
0.69,0.29,0.71,0.31,1770419160261,71619.27
0.69,0.29,0.71,0.3,1770419160772,71622.04
0.7,0.29,0.71,0.3,1770419160795,71622.04
0.7,0.28,0.71,0.3,1770419161754,71624.0
0.7,0.28,0.72,0.3,1770419161755,71624.0
0.7,0.28,0.72,0.29,1770419161777,71624.0
0.71,0.28,0.72,0.29,1770419161778,71624.0
0.71,0.28,0.72,0.3,1770419162167,71624.0
0.7,0.28,0.72,0.3,1770419162171,71624.0
0.71,0.28,0.72,0.3,1770419162352,71638.15
0.71,0.28,0.72,0.29,1770419162381,71638.15
0.7,0.28,0.72,0.29,1770419162510,71638.15
0.7,0.28,0.72,0.3,1770419162528,71638.15
0.71,0.28,0.72,0.3,1770419162654,71638.15
0.71,0.28,0.72,0.29,1770419162659,71638.15
0.7,0.28,0.72,0.29,1770419162809,71638.15
0.7,0.28,0.72,0.3,1770419162810,71638.15
0.71,0.28,0.72,0.3,1770419166620,71638.15
0.71,0.28,0.72,0.29,1770419166621,71638.15
0.7,0.28,0.72,0.29,1770419166827,71638.15
0.7,0.28,0.72,0.3,1770419166835,71638.15
0.71,0.28,0.72,0.3,1770419166839,71638.15
0.71,0.28,0.72,0.29,1770419166846,71638.15
0.71,0.27,0.72,0.29,1770419169384,71639.91
0.71,0.27,0.73,0.29,1770419169386,71639.91
0.72,0.27,0.73,0.29,1770419172966,71650.0
0.72,0.27,0.73,0.28,1770419172967,71650.0
0.72,0.26,0.73,0.28,1770419173482,71658.68
0.72,0.26,0.74,0.28,1770419173483,71658.68
0.73,0.26,0.74,0.28,1770419173518,71658.68
0.73,0.26,0.74,0.27,1770419173522,71658.68
0.73,0.26,0.75,0.27,1770419174139,71658.68
0.73,0.25,0.75,0.27,1770419174144,71658.68
0.74,0.25,0.75,0.27,1770419174167,71658.68
0.74,0.25,0.75,0.26,1770419174169,71658.68
0.74,0.25,0.76,0.26,1770419176711,71689.68
0.74,0.24,0.76,0.26,1770419176742,71689.68
0.75,0.24,0.76,0.26,1770419177352,71697.75
0.75,0.24,0.76,0.25,1770419177359,71697.75
0.74,0.24,0.76,0.25,1770419178409,71697.77
0.74,0.24,0.76,0.26,1770419178413,71697.77
0.74,0.25,0.76,0.26,1770419178435,71697.77
0.74,0.25,0.75,0.26,1770419178436,71697.77
0.74,0.25,0.76,0.26,1770419180506,71692.73
0.74,0.24,0.76,0.26,1770419180507,71692.73
0.75,0.24,0.76,0.26,1770419180804,71692.73
0.75,0.24,0.76,0.25,1770419180805,71692.73
0.74,0.24,0.76,0.25,1770419180959,71692.73
0.74,0.24,0.76,0.26,1770419180967,71692.73
0.75,0.24,0.76,0.26,1770419180969,71692.73
0.75,0.24,0.76,0.25,1770419180976,71692.73
0.75,0.24,0.77,0.25,1770419182588,71724.96
0.75,0.23,0.77,0.25,1770419182626,71724.96
0.76,0.23,0.77,0.25,1770419182647,71724.96
0.76,0.23,0.77,0.24,1770419182648,71724.96
0.75,0.23,0.77,0.24,1770419182723,71724.96
0.75,0.23,0.77,0.25,1770419182724,71724.96
0.76,0.23,0.77,0.25,1770419182929,71724.96
0.76,0.23,0.77,0.24,1770419182944,71724.96
0.75,0.23,0.77,0.24,1770419183316,71715.12
0.75,0.23,0.77,0.25,1770419183319,71715.12
0.75,0.24,0.77,0.25,1770419183343,71715.12
0.75,0.24,0.76,0.25,1770419183344,71715.12
0.75,0.24,0.76,0.26,1770419183502,71715.12
0.74,0.24,0.76,0.25,1770419183505,71715.12
0.75,0.24,0.76,0.25,1770419183506,71715.12
0.75,0.23,0.76,0.25,1770419184809,71710.0
0.75,0.23,0.77,0.25,1770419184810,71710.0
0.75,0.23,0.77,0.24,1770419184843,71710.0
0.76,0.23,0.77,0.24,1770419184844,71710.0
0.76,0.23,0.78,0.24,1770419186230,71716.1
0.76,0.22,0.78,0.24,1770419186239,71716.1
0.76,0.22,0.78,0.23,1770419186562,71728.11
0.77,0.22,0.78,0.23,1770419186565,71728.11
0.77,0.22,0.79,0.23,1770419187086,71728.11
0.77,0.22,0.78,0.23,1770419187088,71728.11
0.77,0.21,0.78,0.23,1770419187096,71728.11
0.77,0.21,0.79,0.23,1770419187103,71728.11
0.77,0.21,0.78,0.23,1770419187129,71728.11
0.77,0.22,0.78,0.23,1770419187130,71728.11
0.77,0.22,0.79,0.23,1770419187400,71744.8
0.77,0.21,0.79,0.23,1770419187401,71744.8
0.78,0.21,0.79,0.23,1770419188677,71741.66
0.78,0.21,0.79,0.22,1770419188678,71741.66
0.77,0.21,0.79,0.22,1770419194253,71742.48
0.77,0.21,0.79,0.23,1770419194255,71742.48
0.77,0.22,0.79,0.23,1770419194280,71742.48
0.77,0.22,0.78,0.23,1770419194281,71742.48
0.76,0.22,0.78,0.23,1770419194725,71742.48
0.76,0.22,0.78,0.24,1770419194726,71742.48
0.76,0.23,0.78,0.24,1770419194746,71742.48
0.76,0.23,0.77,0.24,1770419194748,71742.48
0.76,0.22,0.77,0.24,1770419196911,71722.5
0.76,0.22,0.78,0.24,1770419196912,71722.5
0.76,0.23,0.78,0.24,1770419197955,71727.52
0.76,0.23,0.77,0.24,1770419197963,71727.52
0.76,0.22,0.77,0.24,1770419198096,71727.52
0.76,0.22,0.78,0.24,1770419198108,71727.52
0.76,0.23,0.78,0.24,1770419199355,71727.52
0.76,0.23,0.77,0.24,1770419199378,71727.52
0.76,0.22,0.77,0.24,1770419199454,71727.52
0.76,0.22,0.78,0.24,1770419199455,71727.52
0.76,0.23,0.78,0.24,1770419200702,71727.53
0.76,0.23,0.77,0.24,1770419200704,71727.53
0.76,0.22,0.77,0.24,1770419200780,71727.53
0.76,0.22,0.78,0.24,1770419200819,71727.53
0.77,0.22,0.78,0.24,1770419202103,71727.52
0.77,0.22,0.78,0.23,1770419202108,71727.52
0.77,0.21,0.78,0.23,1770419204816,71736.25
0.77,0.21,0.79,0.23,1770419204817,71736.25
0.77,0.21,0.78,0.23,1770419204848,71736.25
0.77,0.22,0.78,0.23,1770419204857,71736.25
0.77,0.21,0.78,0.23,1770419204889,71736.25
0.77,0.21,0.79,0.23,1770419204890,71736.25
0.77,0.22,0.79,0.23,1770419204912,71736.25
0.77,0.22,0.78,0.23,1770419204913,71736.25
0.77,0.21,0.78,0.23,1770419205550,71731.22
0.77,0.21,0.79,0.23,1770419205562,71731.22
0.77,0.21,0.79,0.22,1770419205592,71731.22
0.78,0.21,0.79,0.22,1770419205605,71731.22
0.78,0.21,0.79,0.23,1770419205642,71731.22
0.77,0.21,0.79,0.23,1770419205643,71731.22
0.78,0.21,0.79,0.23,1770419205690,71731.22
0.78,0.21,0.79,0.22,1770419205694,71731.22
0.78,0.22,0.79,0.23,1770419215331,71724.0
0.77,0.22,0.78,0.23,1770419215342,71724.0
0.75,0.22,0.78,0.23,1770419220472,71683.37
0.75,0.22,0.78,0.25,1770419220477,71683.37
0.74,0.22,0.78,0.25,1770419220489,71683.37
0.74,0.22,0.78,0.26,1770419220492,71683.37
0.74,0.23,0.78,0.26,1770419220503,71683.37
0.74,0.23,0.77,0.26,1770419220504,71683.37
0.74,0.24,0.77,0.26,1770419220505,71683.37
0.74,0.24,0.76,0.26,1770419220506,71683.37
0.74,0.25,0.76,0.26,1770419220545,71683.37
0.74,0.25,0.75,0.26,1770419220549,71683.37
0.73,0.25,0.75,0.26,1770419226013,71656.0
0.73,0.25,0.75,0.27,1770419226015,71656.0
0.73,0.26,0.75,0.27,1770419226019,71656.0
0.73,0.26,0.74,0.27,1770419226020,71656.0
0.72,0.26,0.74,0.27,1770419226538,71636.0
0.72,0.26,0.74,0.28,1770419226539,71636.0
0.72,0.27,0.74,0.28,1770419226554,71636.0
0.72,0.27,0.73,0.28,1770419226562,71636.0
0.7,0.27,0.73,0.28,1770419231177,71626.6
0.7,0.27,0.73,0.3,1770419231188,71626.6
0.7,0.28,0.73,0.3,1770419231198,71626.6
0.7,0.28,0.72,0.3,1770419231199,71626.6
0.7,0.28,0.71,0.3,1770419231222,71620.01
0.7,0.29,0.71,0.3,1770419231223,71620.01
0.69,0.29,0.71,0.3,1770419234440,71606.87
0.69,0.3,0.71,0.31,1770419234451,71606.87
0.69,0.3,0.7,0.31,1770419234455,71606.87
0.68,0.3,0.7,0.31,1770419234722,71606.87
0.68,0.3,0.7,0.32,1770419234726,71606.87
0.68,0.31,0.7,0.32,1770419234750,71606.87
0.68,0.31,0.69,0.32,1770419234757,71606.87
0.68,0.29,0.69,0.32,1770419235835,71588.16
0.68,0.29,0.71,0.32,1770419235838,71588.16
0.68,0.3,0.71,0.32,1770419235887,71588.16
0.68,0.3,0.7,0.32,1770419235906,71588.16
0.68,0.31,0.7,0.32,1770419235911,71588.16
0.68,0.31,0.69,0.32,1770419235912,71588.16
0.68,0.3,0.69,0.32,1770419237330,71574.0
0.68,0.3,0.7,0.32,1770419237335,71574.0
0.69,0.3,0.7,0.32,1770419238485,71582.84
0.69,0.3,0.7,0.31,1770419238486,71582.84
0.68,0.3,0.7,0.31,1770419238513,71582.84
0.68,0.3,0.7,0.32,1770419238520,71582.84
0.68,0.3,0.7,0.31,1770419238534,71582.84
0.69,0.3,0.7,0.31,1770419238535,71582.84
0.69,0.29,0.7,0.31,1770419240810,71591.99
0.69,0.29,0.71,0.31,1770419240811,71591.99
0.7,0.29,0.71,0.31,1770419241343,71595.99
0.7,0.29,0.71,0.3,1770419241350,71595.99
0.7,0.28,0.71,0.3,1770419243169,71602.22
0.7,0.28,0.72,0.3,1770419243178,71602.22
0.71,0.28,0.72,0.3,1770419243342,71602.22
0.71,0.28,0.72,0.29,1770419243343,71602.22
0.7,0.28,0.72,0.29,1770419243797,71602.22
0.7,0.28,0.72,0.3,1770419243805,71602.22
0.7,0.29,0.72,0.3,1770419243826,71602.22
0.7,0.29,0.71,0.3,1770419243827,71602.22
0.69,0.29,0.71,0.3,1770419244683,71600.36
0.69,0.29,0.71,0.31,1770419244709,71600.36
0.69,0.3,0.71,0.31,1770419244757,71600.36
0.69,0.3,0.7,0.31,1770419244767,71600.36
0.69,0.29,0.7,0.31,1770419246562,71600.01
0.69,0.29,0.71,0.31,1770419246563,71600.01
0.69,0.3,0.71,0.31,1770419247902,71600.01
0.69,0.3,0.7,0.31,1770419247903,71600.01
0.69,0.3,0.7,0.32,1770419249970,71594.76
0.68,0.3,0.7,0.32,1770419249971,71594.76
0.68,0.31,0.7,0.32,1770419250054,71594.76
0.68,0.31,0.69,0.32,1770419250069,71594.76
0.68,0.31,0.69,0.33,1770419257430,71569.59
0.67,0.31,0.69,0.33,1770419257431,71569.59
0.67,0.32,0.69,0.33,1770419257485,71569.59
0.67,0.32,0.68,0.33,1770419257488,71569.59
0.67,0.31,0.68,0.33,1770419259998,71569.58
0.67,0.31,0.69,0.33,1770419260005,71569.58
0.67,0.31,0.69,0.32,1770419260036,71569.58
0.68,0.31,0.69,0.32,1770419260039,71569.58
0.68,0.31,0.69,0.33,1770419260060,71569.58
0.67,0.31,0.69,0.33,1770419260061,71569.58
0.67,0.32,0.69,0.33,1770419260581,71569.56
0.67,0.32,0.68,0.33,1770419260599,71569.56
0.66,0.32,0.68,0.33,1770419262165,71555.82
0.66,0.32,0.68,0.34,1770419262166,71555.82
0.66,0.33,0.68,0.34,1770419262231,71555.82
0.66,0.33,0.67,0.34,1770419262232,71555.82
0.66,0.32,0.67,0.34,1770419264551,71555.83
0.66,0.32,0.68,0.34,1770419264552,71555.83
0.66,0.32,0.68,0.33,1770419264594,71555.83
0.67,0.32,0.68,0.33,1770419264595,71555.83
0.66,0.32,0.68,0.33,1770419267285,71569.38
0.66,0.32,0.68,0.34,1770419267291,71569.38
0.66,0.33,0.68,0.34,1770419267315,71569.38
0.66,0.33,0.67,0.34,1770419267316,71569.38
0.65,0.33,0.67,0.34,1770419267815,71569.38
0.65,0.33,0.67,0.35,1770419267818,71569.38
0.65,0.34,0.67,0.35,1770419267877,71569.38
0.65,0.34,0.66,0.35,1770419267878,71569.38
0.65,0.33,0.66,0.35,1770419267919,71569.38
0.65,0.33,0.67,0.35,1770419267969,71569.38
0.66,0.33,0.67,0.35,1770419268269,71545.82
0.66,0.33,0.67,0.34,1770419268270,71545.82
0.66,0.32,0.67,0.34,1770419268511,71545.82
0.66,0.32,0.68,0.34,1770419268529,71545.82
0.67,0.32,0.68,0.34,1770419268919,71545.82
0.67,0.32,0.68,0.33,1770419268920,71545.82
0.67,0.31,0.68,0.33,1770419269639,71560.85
0.67,0.31,0.69,0.33,1770419269650,71560.85
0.67,0.32,0.69,0.33,1770419271964,71569.39
0.67,0.32,0.68,0.33,1770419271990,71569.39
0.67,0.31,0.68,0.33,1770419272427,71569.39
0.67,0.31,0.69,0.33,1770419272432,71569.39
0.68,0.31,0.69,0.33,1770419272476,71569.39
0.68,0.31,0.69,0.32,1770419272477,71569.39
0.68,0.3,0.69,0.32,1770419272521,71569.39
0.68,0.3,0.7,0.32,1770419272522,71569.39
0.68,0.31,0.7,0.32,1770419273587,71578.0
0.68,0.31,0.69,0.32,1770419273588,71578.0
0.67,0.31,0.69,0.32,1770419273751,71578.0
0.67,0.31,0.69,0.33,1770419273753,71578.0
0.67,0.32,0.69,0.33,1770419273778,71578.0
0.67,0.32,0.68,0.33,1770419273779,71578.0
0.66,0.32,0.68,0.33,1770419274632,71559.81
0.66,0.32,0.68,0.34,1770419274634,71559.81
0.66,0.33,0.68,0.34,1770419274752,71559.81
0.66,0.33,0.67,0.34,1770419274777,71559.81
0.65,0.33,0.67,0.34,1770419276694,71556.32
0.65,0.33,0.67,0.35,1770419276695,71556.32
0.65,0.34,0.67,0.35,1770419276772,71556.32
0.65,0.34,0.66,0.35,1770419276773,71556.32
0.65,0.33,0.66,0.35,1770419280634,71550.0
0.65,0.33,0.67,0.35,1770419280652,71550.0
0.66,0.33,0.67,0.35,1770419280662,71550.0
0.66,0.33,0.67,0.34,1770419280663,71550.0
0.65,0.33,0.67,0.34,1770419280705,71550.0
0.65,0.33,0.67,0.35,1770419280706,71550.0
0.66,0.33,0.67,0.35,1770419280768,71550.0
0.66,0.33,0.67,0.34,1770419280793,71550.0
0.66,0.32,0.67,0.34,1770419281207,71550.0
0.66,0.32,0.68,0.34,1770419281208,71550.0
0.67,0.32,0.68,0.34,1770419281233,71550.0
0.67,0.32,0.68,0.33,1770419281234,71550.0
0.66,0.32,0.68,0.33,1770419281322,71550.01
0.66,0.32,0.68,0.34,1770419281334,71550.01
0.67,0.32,0.68,0.34,1770419281356,71550.01
0.67,0.32,0.68,0.33,1770419281357,71550.01
0.66,0.32,0.68,0.33,1770419281388,71550.01
0.66,0.32,0.68,0.34,1770419281394,71550.01
0.67,0.32,0.68,0.34,1770419281399,71550.01
0.67,0.32,0.68,0.33,1770419281402,71550.01
0.66,0.32,0.68,0.33,1770419281966,71550.01
0.66,0.32,0.68,0.34,1770419281991,71550.01
0.66,0.33,0.68,0.34,1770419282000,71550.01
0.66,0.33,0.67,0.34,1770419282015,71550.01
0.65,0.33,0.67,0.34,1770419284924,71554.33
0.65,0.33,0.67,0.35,1770419284925,71554.33
0.66,0.33,0.67,0.35,1770419285000,71554.33
0.66,0.33,0.67,0.34,1770419285001,71554.33
0.66,0.34,0.67,0.35,1770419289051,71554.33
0.65,0.34,0.66,0.35,1770419289073,71554.33
0.65,0.33,0.66,0.35,1770419289239,71554.33
0.65,0.33,0.67,0.35,1770419289240,71554.33
0.65,0.34,0.67,0.35,1770419289241,71554.33
0.65,0.34,0.66,0.35,1770419289242,71554.33
0.65,0.33,0.66,0.35,1770419290486,71544.31
0.65,0.33,0.67,0.35,1770419290487,71544.31
0.66,0.33,0.67,0.35,1770419290513,71544.31
0.66,0.33,0.67,0.34,1770419290517,71544.31
0.66,0.32,0.67,0.34,1770419296377,71559.34
0.66,0.32,0.68,0.34,1770419296378,71559.34
0.67,0.32,0.68,0.34,1770419296613,71559.34
0.67,0.32,0.68,0.33,1770419296614,71559.34
0.66,0.32,0.68,0.33,1770419297454,71559.34
0.66,0.32,0.68,0.34,1770419297455,71559.34
0.66,0.33,0.68,0.34,1770419297483,71559.34
0.66,0.33,0.67,0.34,1770419297484,71559.34
0.65,0.33,0.67,0.34,1770419298128,71559.34
0.65,0.33,0.67,0.35,1770419298129,71559.34
0.65,0.34,0.67,0.35,1770419298184,71559.34
0.65,0.34,0.66,0.35,1770419298185,71559.34
0.65,0.33,0.66,0.35,1770419302867,71545.02
0.65,0.33,0.67,0.35,1770419302868,71545.02
0.65,0.35,0.67,0.36,1770419302906,71545.02
0.64,0.35,0.65,0.36,1770419302907,71545.02
0.64,0.35,0.65,0.37,1770419305020,71529.99
0.63,0.35,0.65,0.37,1770419305028,71529.99
0.63,0.36,0.65,0.37,1770419305051,71529.99
0.63,0.36,0.64,0.37,1770419305058,71529.99
0.62,0.36,0.64,0.37,1770419305294,71511.13
0.62,0.36,0.64,0.38,1770419305295,71511.13
0.62,0.37,0.64,0.38,1770419305348,71511.13
0.62,0.37,0.63,0.38,1770419305349,71511.13
0.61,0.37,0.63,0.38,1770419306156,71511.13
0.61,0.37,0.63,0.39,1770419306159,71511.13
0.61,0.38,0.63,0.39,1770419306194,71511.13
0.61,0.38,0.62,0.39,1770419306196,71511.13
0.6,0.38,0.62,0.39,1770419307514,71480.54
0.6,0.38,0.62,0.4,1770419307515,71480.54
0.6,0.39,0.62,0.4,1770419307536,71480.54
0.6,0.39,0.61,0.4,1770419307537,71480.54
0.59,0.39,0.61,0.4,1770419308964,71472.0
0.59,0.39,0.61,0.41,1770419308968,71472.0
0.59,0.4,0.61,0.41,1770419308988,71472.0
0.59,0.4,0.6,0.41,1770419308989,71472.0
0.59,0.39,0.6,0.41,1770419309187,71472.0
0.59,0.39,0.61,0.41,1770419309189,71472.0
0.59,0.39,0.61,0.4,1770419309278,71466.37
0.6,0.39,0.61,0.4,1770419309280,71466.37
0.6,0.39,0.61,0.41,1770419312242,71466.65
0.59,0.4,0.61,0.41,1770419312263,71466.65
0.59,0.4,0.6,0.41,1770419312264,71466.65
0.6,0.4,0.61,0.41,1770419318464,71483.2
0.6,0.39,0.61,0.4,1770419318467,71483.2
0.6,0.38,0.61,0.4,1770419318836,71483.2
0.6,0.38,0.62,0.4,1770419318851,71483.2
0.6,0.38,0.62,0.39,1770419318873,71483.2
0.61,0.38,0.62,0.39,1770419318882,71483.2
0.61,0.37,0.62,0.39,1770419319121,71483.2
0.61,0.37,0.63,0.39,1770419319124,71483.2
0.62,0.37,0.63,0.39,1770419319153,71483.2
0.62,0.37,0.63,0.38,1770419319154,71483.2
0.62,0.36,0.63,0.38,1770419319603,71491.8
0.62,0.36,0.64,0.38,1770419319606,71491.8
0.62,0.37,0.64,0.38,1770419321476,71502.0
0.62,0.37,0.63,0.38,1770419321478,71502.0
0.61,0.37,0.63,0.38,1770419321585,71502.0
0.61,0.37,0.63,0.39,1770419321586,71502.0
0.61,0.38,0.63,0.39,1770419321662,71502.0
0.61,0.38,0.62,0.39,1770419321665,71502.0
0.61,0.37,0.62,0.39,1770419322463,71496.99
0.61,0.37,0.63,0.39,1770419322464,71496.99
0.61,0.38,0.63,0.39,1770419322805,71496.99
0.61,0.38,0.62,0.39,1770419322828,71496.99
0.61,0.38,0.62,0.4,1770419325283,71478.28
0.6,0.39,0.62,0.4,1770419325286,71478.28
0.6,0.39,0.61,0.4,1770419325294,71478.28
0.6,0.39,0.61,0.41,1770419327718,71478.29
0.59,0.39,0.61,0.41,1770419327736,71478.29
0.59,0.39,0.61,0.4,1770419327945,71478.29
0.6,0.39,0.61,0.4,1770419327956,71478.29
0.6,0.39,0.61,0.41,1770419329519,71470.01
0.59,0.39,0.61,0.41,1770419329541,71470.01
0.59,0.4,0.61,0.41,1770419329810,71470.01
0.59,0.4,0.6,0.41,1770419329813,71470.01
0.59,0.39,0.6,0.41,1770419329985,71470.01
0.59,0.39,0.61,0.41,1770419329993,71470.01
0.59,0.4,0.61,0.41,1770419330148,71470.01
0.59,0.4,0.6,0.41,1770419330164,71470.01
0.58,0.4,0.6,0.41,1770419331138,71470.01
0.58,0.4,0.6,0.42,1770419331151,71470.01
0.58,0.41,0.6,0.42,1770419331286,71456.0
0.58,0.41,0.59,0.42,1770419331300,71456.0
0.58,0.4,0.59,0.42,1770419334028,71456.0
0.58,0.4,0.6,0.42,1770419334029,71456.0
0.58,0.39,0.61,0.42,1770419334030,71456.0
0.6,0.39,0.61,0.42,1770419334052,71456.0
0.6,0.39,0.61,0.4,1770419334053,71456.0
0.6,0.38,0.61,0.4,1770419334147,71456.0
0.6,0.38,0.62,0.4,1770419334174,71456.0
0.61,0.38,0.62,0.4,1770419334184,71456.0
0.61,0.38,0.62,0.39,1770419334186,71456.0
0.61,0.37,0.62,0.39,1770419334990,71504.6
0.61,0.37,0.63,0.39,1770419335011,71504.6
0.61,0.37,0.63,0.38,1770419335013,71504.6
0.62,0.37,0.63,0.38,1770419335014,71504.6
0.62,0.36,0.63,0.38,1770419337258,71510.03
0.62,0.36,0.64,0.38,1770419337264,71510.03
0.63,0.36,0.64,0.38,1770419337265,71510.03
0.63,0.36,0.64,0.37,1770419337266,71510.03
0.62,0.36,0.64,0.37,1770419337846,71510.03
0.62,0.36,0.64,0.38,1770419337847,71510.03
0.62,0.37,0.64,0.38,1770419337873,71510.03
0.62,0.37,0.63,0.38,1770419337879,71510.03
0.62,0.36,0.63,0.38,1770419338230,71510.03
0.62,0.36,0.64,0.38,1770419338246,71510.03
0.62,0.37,0.64,0.38,1770419338528,71505.53
0.62,0.37,0.63,0.38,1770419338550,71505.53
0.62,0.36,0.63,0.38,1770419339226,71505.53
0.62,0.36,0.64,0.38,1770419339227,71505.53
0.62,0.37,0.64,0.38,1770419339360,71505.53
0.62,0.37,0.63,0.38,1770419339361,71505.53
0.62,0.36,0.63,0.38,1770419339597,71505.53
0.62,0.36,0.64,0.38,1770419339619,71505.53
0.62,0.37,0.64,0.38,1770419339742,71505.53
0.62,0.37,0.63,0.38,1770419339743,71505.53
0.62,0.36,0.63,0.38,1770419339953,71505.53
0.62,0.36,0.64,0.38,1770419339954,71505.53
0.63,0.36,0.64,0.38,1770419339991,71505.53
0.63,0.36,0.64,0.37,1770419340005,71505.53
0.62,0.36,0.64,0.37,1770419340809,71505.53
0.62,0.36,0.64,0.38,1770419340831,71505.53
0.62,0.37,0.64,0.38,1770419340837,71505.53
0.62,0.37,0.63,0.38,1770419340838,71505.53
0.61,0.37,0.63,0.38,1770419343529,71492.0
0.61,0.37,0.63,0.39,1770419343533,71492.0
0.61,0.38,0.63,0.39,1770419343550,71492.0
0.61,0.38,0.62,0.39,1770419343551,71492.0
0.6,0.38,0.62,0.39,1770419343562,71492.0
0.6,0.38,0.62,0.4,1770419343563,71492.0
0.6,0.39,0.62,0.4,1770419343879,71492.0
0.6,0.39,0.61,0.4,1770419343910,71492.0
0.59,0.39,0.61,0.4,1770419344037,71492.0
0.59,0.39,0.61,0.41,1770419344040,71492.0
0.59,0.4,0.61,0.41,1770419344062,71492.0
0.59,0.4,0.6,0.41,1770419344063,71492.0
0.59,0.4,0.6,0.42,1770419345222,71460.0
0.58,0.4,0.6,0.42,1770419345223,71460.0
0.58,0.41,0.6,0.42,1770419345238,71460.01
0.58,0.41,0.59,0.42,1770419345239,71460.01
0.58,0.42,0.59,0.44,1770419345896,71460.01
0.56,0.42,0.58,0.44,1770419345900,71460.01
0.56,0.43,0.58,0.44,1770419345925,71460.01
0.56,0.43,0.57,0.44,1770419345926,71460.01
0.55,0.43,0.57,0.44,1770419346255,71423.92
0.55,0.43,0.57,0.45,1770419346262,71423.92
0.55,0.44,0.57,0.45,1770419346338,71423.92
0.55,0.44,0.56,0.45,1770419346343,71423.92
0.55,0.43,0.56,0.45,1770419346394,71423.92
0.55,0.43,0.57,0.45,1770419346395,71423.92
0.55,0.44,0.57,0.45,1770419346452,71423.92
0.55,0.44,0.56,0.45,1770419346453,71423.92
0.55,0.43,0.56,0.45,1770419346489,71423.92
0.55,0.43,0.57,0.45,1770419346492,71423.92
0.55,0.44,0.57,0.45,1770419346620,71423.92
0.55,0.44,0.56,0.45,1770419346621,71423.92
0.55,0.44,0.56,0.46,1770419346979,71423.92
0.54,0.44,0.56,0.46,1770419346980,71423.92
0.55,0.44,0.56,0.46,1770419346983,71423.92
0.55,0.44,0.56,0.45,1770419346991,71423.92
0.54,0.44,0.56,0.45,1770419347490,71413.93
0.54,0.44,0.56,0.46,1770419347491,71413.93
0.55,0.44,0.56,0.46,1770419347496,71413.93
0.55,0.44,0.56,0.45,1770419347500,71413.93
0.54,0.44,0.56,0.45,1770419347521,71413.93
0.54,0.44,0.56,0.46,1770419347522,71413.93
0.54,0.45,0.56,0.46,1770419347602,71413.93
0.54,0.45,0.55,0.46,1770419347606,71413.93
0.53,0.45,0.55,0.46,1770419348672,71400.01
0.53,0.45,0.55,0.47,1770419348673,71400.01
0.53,0.46,0.55,0.47,1770419349076,71400.01
0.53,0.46,0.54,0.47,1770419349099,71400.01
0.52,0.46,0.54,0.47,1770419349279,71395.87
0.52,0.46,0.54,0.48,1770419349280,71395.87
0.53,0.46,0.54,0.48,1770419349352,71395.87
0.53,0.46,0.54,0.47,1770419349356,71395.87
0.51,0.46,0.54,0.47,1770419349939,71395.87
0.51,0.46,0.54,0.49,1770419349940,71395.87
0.51,0.47,0.54,0.49,1770419349955,71395.87
0.51,0.47,0.53,0.49,1770419349956,71395.87
0.52,0.47,0.53,0.49,1770419349962,71395.87
0.52,0.47,0.53,0.48,1770419349964,71395.87
0.52,0.46,0.53,0.48,1770419351460,71395.87
0.52,0.46,0.54,0.48,1770419351483,71395.87
0.52,0.47,0.54,0.48,1770419351487,71395.87
0.52,0.47,0.53,0.48,1770419351489,71395.87
0.52,0.46,0.53,0.48,1770419354396,71398.01
0.52,0.46,0.54,0.48,1770419354418,71398.01
0.52,0.46,0.54,0.47,1770419354443,71398.01
0.53,0.46,0.54,0.47,1770419354444,71398.01
0.52,0.46,0.54,0.47,1770419356881,71398.0
0.52,0.46,0.54,0.48,1770419356906,71398.0
0.52,0.47,0.54,0.48,1770419356922,71398.0
0.52,0.47,0.53,0.48,1770419356928,71398.0
0.51,0.47,0.53,0.48,1770419358117,71391.76
0.51,0.47,0.53,0.49,1770419358124,71391.76
0.51,0.48,0.53,0.49,1770419358137,71391.76
0.51,0.48,0.52,0.49,1770419358141,71391.76
0.5,0.48,0.52,0.49,1770419364598,71376.75
0.5,0.48,0.52,0.5,1770419364608,71376.75
0.5,0.48,0.52,0.49,1770419364632,71376.75
0.51,0.48,0.52,0.49,1770419364649,71376.75
0.51,0.48,0.52,0.5,1770419365388,71376.76
0.5,0.48,0.52,0.5,1770419365414,71376.76
0.51,0.48,0.52,0.5,1770419365416,71376.76
0.51,0.48,0.52,0.49,1770419365417,71376.76
0.51,0.47,0.52,0.49,1770419367871,71384.0
0.51,0.47,0.53,0.49,1770419367872,71384.0
0.52,0.47,0.53,0.49,1770419367903,71384.0
0.52,0.47,0.53,0.48,1770419367907,71384.0
0.52,0.46,0.53,0.48,1770419368185,71384.0
0.52,0.46,0.54,0.48,1770419368192,71384.0
0.52,0.46,0.54,0.47,1770419368210,71384.0
0.53,0.46,0.54,0.47,1770419368212,71384.0
0.53,0.45,0.54,0.47,1770419369289,71408.24
0.53,0.45,0.55,0.47,1770419369290,71408.24
0.54,0.45,0.55,0.47,1770419369346,71408.24
0.54,0.45,0.55,0.46,1770419369348,71408.24
0.53,0.45,0.55,0.46,1770419369454,71408.24
0.53,0.45,0.55,0.47,1770419369455,71408.24
0.53,0.46,0.55,0.47,1770419369480,71408.24
0.53,0.46,0.54,0.47,1770419369481,71408.24
0.53,0.45,0.54,0.47,1770419370054,71408.24
0.53,0.45,0.55,0.47,1770419370055,71408.24
0.54,0.45,0.55,0.47,1770419370092,71408.24
0.54,0.45,0.55,0.46,1770419370102,71408.24
0.54,0.44,0.55,0.46,1770419371055,71414.0
0.54,0.44,0.56,0.46,1770419371080,71414.0
0.55,0.44,0.56,0.46,1770419371093,71414.0
0.55,0.44,0.56,0.45,1770419371094,71414.0
0.55,0.43,0.56,0.45,1770419372664,71415.9
0.55,0.43,0.57,0.45,1770419372665,71415.9
0.56,0.43,0.57,0.45,1770419372668,71415.9
0.56,0.43,0.57,0.44,1770419372669,71415.9
0.55,0.43,0.57,0.44,1770419373562,71443.42
0.55,0.43,0.57,0.45,1770419373584,71443.42
0.55,0.44,0.57,0.45,1770419373586,71443.42
0.55,0.44,0.56,0.45,1770419373598,71443.42
0.54,0.44,0.56,0.45,1770419374390,71422.5
0.54,0.44,0.56,0.46,1770419374391,71422.5
0.54,0.45,0.56,0.46,1770419374740,71422.5
0.54,0.45,0.55,0.46,1770419374741,71422.5
0.54,0.43,0.55,0.46,1770419382042,71413.23
0.54,0.43,0.57,0.46,1770419382043,71413.23
0.54,0.44,0.57,0.46,1770419382099,71413.23
0.54,0.44,0.56,0.46,1770419382145,71413.23
0.55,0.44,0.56,0.46,1770419382225,71413.23
0.55,0.44,0.56,0.45,1770419382250,71413.23
0.55,0.43,0.56,0.45,1770419386103,71422.01
0.55,0.43,0.57,0.45,1770419386126,71422.01
0.56,0.43,0.57,0.45,1770419386127,71422.01
0.56,0.43,0.57,0.44,1770419386128,71422.01
0.55,0.43,0.57,0.44,1770419388450,71422.01
0.55,0.43,0.57,0.45,1770419388452,71422.01
0.55,0.43,0.56,0.45,1770419388469,71422.01
0.55,0.44,0.56,0.45,1770419388471,71422.01
0.53,0.44,0.56,0.45,1770419388835,71422.01
0.53,0.44,0.56,0.47,1770419388836,71422.01
0.53,0.45,0.56,0.47,1770419388862,71422.01
0.53,0.45,0.55,0.47,1770419388863,71422.01
0.53,0.46,0.55,0.47,1770419388903,71422.01
0.53,0.46,0.54,0.47,1770419388904,71422.01
0.53,0.45,0.54,0.47,1770419394332,71396.0
0.53,0.45,0.55,0.47,1770419394357,71396.0
0.53,0.45,0.55,0.46,1770419394378,71396.0
0.54,0.45,0.55,0.46,1770419394389,71396.0
0.54,0.44,0.55,0.46,1770419396495,71399.49
0.54,0.44,0.56,0.46,1770419396519,71399.49
0.55,0.44,0.56,0.46,1770419396536,71399.49
0.55,0.44,0.56,0.45,1770419396545,71399.49
0.54,0.44,0.56,0.45,1770419396714,71399.49
0.54,0.44,0.56,0.46,1770419396716,71399.49
0.54,0.45,0.56,0.46,1770419397625,71409.02
0.54,0.45,0.55,0.46,1770419397627,71409.02
0.53,0.45,0.55,0.46,1770419400621,71409.01
0.53,0.45,0.55,0.47,1770419400627,71409.01
0.53,0.46,0.55,0.47,1770419400641,71409.01
0.53,0.46,0.54,0.47,1770419400642,71409.01
0.53,0.46,0.54,0.48,1770419402153,71397.38
0.52,0.46,0.54,0.48,1770419402154,71397.38
0.52,0.47,0.54,0.48,1770419402515,71392.36
0.52,0.47,0.53,0.48,1770419402541,71392.36
0.51,0.47,0.53,0.48,1770419402626,71392.36
0.51,0.47,0.53,0.49,1770419402627,71392.36
0.51,0.48,0.53,0.49,1770419402690,71392.36
0.51,0.48,0.52,0.49,1770419402691,71392.36
0.51,0.47,0.52,0.49,1770419408363,71377.98
0.51,0.47,0.53,0.49,1770419408364,71377.98
0.52,0.47,0.53,0.49,1770419408372,71377.98
0.52,0.47,0.53,0.48,1770419408373,71377.98
0.52,0.46,0.53,0.48,1770419408869,71377.98
0.52,0.46,0.54,0.48,1770419408873,71377.98
0.53,0.46,0.54,0.48,1770419408900,71377.98
0.53,0.46,0.54,0.47,1770419408901,71377.98
0.53,0.45,0.54,0.47,1770419424609,71396.59
0.53,0.45,0.55,0.47,1770419424610,71396.59
0.53,0.46,0.55,0.47,1770419424626,71396.59
0.53,0.46,0.54,0.47,1770419424629,71396.59
0.53,0.45,0.54,0.47,1770419430302,71404.95
0.53,0.45,0.55,0.47,1770419430303,71404.95
0.54,0.45,0.55,0.47,1770419430353,71404.95
0.54,0.45,0.55,0.46,1770419430354,71404.95
0.53,0.45,0.55,0.46,1770419430536,71404.95
0.53,0.45,0.55,0.47,1770419430537,71404.95
0.54,0.45,0.55,0.47,1770419432485,71399.62
0.54,0.45,0.55,0.46,1770419432507,71399.62
0.54,0.46,0.55,0.47,1770419433423,71399.6
0.53,0.46,0.54,0.47,1770419433424,71399.6
0.52,0.46,0.54,0.47,1770419439901,71390.11
0.52,0.46,0.54,0.48,1770419439902,71390.11
0.52,0.47,0.54,0.48,1770419439918,71390.11
0.52,0.47,0.53,0.48,1770419439919,71390.11
0.52,0.47,0.53,0.49,1770419446916,71375.76
0.51,0.47,0.53,0.49,1770419446938,71375.76
0.51,0.48,0.53,0.49,1770419446942,71375.76
0.51,0.48,0.52,0.49,1770419446943,71375.76
0.51,0.48,0.52,0.5,1770419447929,71372.0
0.5,0.48,0.52,0.5,1770419447933,71372.0
0.5,0.49,0.52,0.5,1770419447992,71372.0
0.5,0.49,0.51,0.5,1770419447997,71372.0
0.49,0.49,0.51,0.5,1770419452704,71363.04
0.49,0.49,0.51,0.51,1770419452719,71363.04
0.49,0.5,0.51,0.51,1770419452729,71363.04
0.49,0.5,0.5,0.51,1770419452730,71363.04
0.49,0.5,0.5,0.53,1770419453372,71343.07
0.47,0.5,0.5,0.53,1770419453373,71343.07
0.47,0.51,0.5,0.53,1770419453391,71343.07
0.47,0.51,0.49,0.53,1770419453393,71343.07
0.48,0.51,0.49,0.53,1770419453418,71343.07
0.48,0.51,0.49,0.52,1770419453419,71343.07
0.47,0.51,0.49,0.52,1770419453441,71343.07
0.47,0.51,0.49,0.53,1770419453442,71343.07
0.48,0.51,0.49,0.53,1770419453517,71343.07
0.48,0.51,0.49,0.52,1770419453520,71343.07
0.47,0.51,0.49,0.52,1770419453613,71343.07
0.47,0.51,0.49,0.53,1770419453614,71343.07
0.47,0.51,0.48,0.53,1770419453811,71343.07
0.47,0.52,0.48,0.53,1770419453812,71343.07
0.47,0.51,0.48,0.53,1770419453898,71343.07
0.46,0.51,0.49,0.53,1770419453940,71343.07
0.46,0.51,0.49,0.54,1770419453941,71343.07
0.46,0.52,0.49,0.54,1770419453990,71343.07
0.46,0.52,0.48,0.54,1770419453992,71343.07
0.47,0.52,0.48,0.54,1770419454016,71343.07
0.47,0.52,0.48,0.53,1770419454017,71343.07
0.46,0.52,0.48,0.53,1770419454846,71334.59
0.46,0.52,0.48,0.54,1770419454850,71334.59
0.46,0.52,0.47,0.54,1770419455445,71324.59
0.46,0.53,0.47,0.54,1770419455460,71324.59
0.46,0.53,0.47,0.55,1770419455837,71324.59
0.45,0.53,0.47,0.55,1770419455858,71324.59
0.45,0.54,0.47,0.55,1770419455948,71324.59
0.45,0.54,0.46,0.55,1770419455979,71324.59
0.44,0.54,0.46,0.55,1770419456654,71312.99
0.44,0.54,0.46,0.56,1770419456662,71312.99
0.44,0.55,0.46,0.56,1770419456733,71312.99
0.44,0.55,0.45,0.56,1770419456737,71312.99
0.43,0.55,0.45,0.56,1770419458477,71307.62
0.43,0.55,0.45,0.57,1770419458479,71307.62
0.44,0.55,0.45,0.57,1770419458962,71307.62
0.44,0.55,0.45,0.56,1770419458971,71307.62
0.43,0.55,0.45,0.56,1770419459467,71312.62
0.43,0.55,0.45,0.57,1770419459468,71312.62
0.43,0.55,0.45,0.56,1770419459539,71312.62
0.44,0.55,0.45,0.56,1770419459544,71312.62
0.44,0.55,0.45,0.57,1770419459917,71312.62
0.43,0.55,0.45,0.57,1770419459922,71312.62
0.43,0.56,0.45,0.57,1770419460162,71312.62
0.43,0.56,0.44,0.57,1770419460163,71312.62
0.41,0.56,0.44,0.57,1770419460696,71307.62
0.41,0.56,0.44,0.59,1770419460697,71307.62
0.42,0.56,0.44,0.59,1770419460719,71307.62
0.42,0.56,0.44,0.58,1770419460723,71307.62
0.42,0.57,0.44,0.58,1770419460727,71307.62
0.42,0.57,0.43,0.58,1770419460728,71307.62
0.41,0.57,0.43,0.58,1770419461384,71291.99
0.41,0.57,0.43,0.59,1770419461402,71291.99
0.42,0.57,0.43,0.59,1770419461622,71291.99
0.42,0.57,0.43,0.58,1770419461623,71291.99
0.42,0.56,0.43,0.58,1770419462647,71299.69
0.42,0.56,0.44,0.58,1770419462669,71299.69
0.43,0.56,0.44,0.57,1770419462671,71299.69
0.42,0.56,0.44,0.57,1770419464344,71308.0
0.42,0.56,0.44,0.58,1770419464352,71308.0
0.43,0.56,0.44,0.58,1770419464440,71308.0
0.43,0.56,0.44,0.57,1770419464449,71308.0
0.43,0.55,0.44,0.57,1770419464677,71308.0
0.43,0.55,0.45,0.57,1770419464678,71308.0
0.44,0.55,0.45,0.57,1770419464689,71308.0
0.44,0.55,0.45,0.56,1770419464690,71308.0
0.43,0.55,0.45,0.56,1770419464758,71308.0
0.43,0.55,0.45,0.57,1770419464759,71308.0
0.44,0.55,0.45,0.57,1770419464790,71308.0
0.44,0.55,0.45,0.56,1770419464791,71308.0
0.43,0.55,0.45,0.56,1770419464833,71308.0
0.43,0.55,0.45,0.57,1770419464857,71308.0
0.44,0.55,0.45,0.57,1770419464942,71308.0
0.44,0.55,0.45,0.56,1770419464959,71308.0
0.44,0.54,0.45,0.56,1770419465167,71308.0
0.44,0.55,0.46,0.56,1770419465168,71308.0
0.44,0.55,0.45,0.56,1770419465169,71308.0
0.44,0.54,0.45,0.56,1770419465359,71321.05
0.44,0.54,0.46,0.56,1770419465360,71321.05
0.45,0.54,0.46,0.56,1770419465845,71321.05
0.45,0.54,0.46,0.55,1770419465846,71321.05
0.44,0.54,0.46,0.55,1770419465986,71321.05
0.44,0.54,0.46,0.56,1770419465987,71321.05
0.45,0.54,0.46,0.56,1770419466655,71318.11
0.45,0.54,0.46,0.55,1770419466667,71318.11
0.44,0.54,0.46,0.55,1770419468403,71318.1
0.44,0.54,0.46,0.56,1770419468404,71318.1
0.44,0.55,0.46,0.56,1770419468407,71318.1
0.44,0.55,0.45,0.56,1770419468408,71318.1
0.44,0.54,0.45,0.56,1770419468541,71318.1
0.44,0.54,0.46,0.56,1770419468577,71318.1
0.44,0.55,0.46,0.56,1770419468657,71318.1
0.44,0.55,0.45,0.56,1770419468658,71318.1
0.44,0.54,0.45,0.56,1770419468764,71318.1
0.44,0.54,0.46,0.56,1770419468767,71318.1
0.45,0.54,0.46,0.56,1770419469658,71318.09
0.45,0.54,0.46,0.55,1770419469680,71318.09
0.44,0.54,0.46,0.55,1770419470351,71318.08
0.45,0.54,0.46,0.56,1770419470353,71318.08
0.45,0.54,0.46,0.55,1770419470354,71318.08
0.44,0.54,0.46,0.55,1770419472729,71316.01
0.44,0.54,0.46,0.56,1770419472755,71316.01
0.44,0.54,0.45,0.56,1770419473637,71308.1
0.44,0.55,0.45,0.56,1770419473650,71308.1
0.44,0.54,0.45,0.56,1770419474991,71308.09
0.44,0.54,0.46,0.56,1770419475001,71308.09
0.45,0.54,0.46,0.56,1770419475191,71308.09
0.45,0.54,0.46,0.55,1770419475196,71308.09
0.44,0.54,0.46,0.55,1770419476273,71308.09
0.44,0.54,0.46,0.56,1770419476277,71308.09
0.44,0.55,0.46,0.56,1770419476304,71308.09
0.44,0.55,0.45,0.56,1770419476312,71308.09
0.43,0.55,0.45,0.56,1770419479050,71308.0
0.43,0.55,0.45,0.57,1770419479056,71308.0
0.43,0.55,0.44,0.57,1770419479069,71308.0
0.43,0.56,0.44,0.57,1770419479070,71308.0
0.42,0.56,0.44,0.57,1770419479649,71284.5
0.42,0.57,0.44,0.58,1770419479674,71284.5
0.42,0.57,0.43,0.58,1770419479675,71284.5
0.41,0.57,0.43,0.58,1770419480396,71282.36
0.41,0.57,0.43,0.59,1770419480420,71282.36
0.42,0.57,0.43,0.59,1770419480444,71282.36
0.42,0.57,0.43,0.58,1770419480446,71282.36
0.41,0.57,0.43,0.58,1770419480738,71282.36
0.41,0.57,0.43,0.59,1770419480740,71282.36
0.41,0.58,0.43,0.59,1770419480779,71282.36
0.41,0.58,0.42,0.59,1770419480782,71282.36
0.4,0.58,0.42,0.59,1770419481353,71265.27
0.4,0.58,0.42,0.6,1770419481356,71265.27
0.4,0.59,0.42,0.6,1770419481457,71265.27
0.4,0.59,0.41,0.6,1770419481458,71265.27
0.39,0.59,0.41,0.6,1770419481915,71265.27
0.39,0.6,0.41,0.61,1770419481941,71265.27
0.39,0.6,0.4,0.61,1770419481942,71265.27
0.39,0.59,0.4,0.61,1770419482041,71265.27
0.39,0.59,0.41,0.61,1770419482044,71265.27
0.4,0.59,0.41,0.61,1770419482100,71265.27
0.4,0.59,0.41,0.6,1770419482102,71265.27
0.39,0.59,0.41,0.6,1770419482126,71265.27
0.39,0.59,0.41,0.61,1770419482129,71265.27
0.39,0.6,0.41,0.61,1770419482157,71265.27
0.39,0.6,0.4,0.61,1770419482158,71265.27
0.38,0.6,0.4,0.61,1770419482577,71258.93
0.38,0.6,0.4,0.62,1770419482579,71258.93
0.39,0.6,0.4,0.62,1770419482627,71258.93
0.39,0.6,0.4,0.61,1770419482638,71258.93
0.37,0.6,0.4,0.61,1770419483210,71258.93
0.37,0.6,0.4,0.63,1770419483235,71250.43
0.37,0.61,0.4,0.63,1770419483347,71250.43
0.37,0.61,0.39,0.63,1770419483348,71250.43
0.38,0.61,0.39,0.63,1770419483666,71250.43
0.38,0.61,0.39,0.62,1770419483693,71250.43
0.37,0.61,0.39,0.62,1770419485417,71250.42
0.37,0.61,0.39,0.63,1770419485443,71250.42
0.38,0.61,0.39,0.63,1770419485471,71250.42
0.38,0.61,0.39,0.62,1770419485478,71250.42
0.37,0.61,0.39,0.62,1770419485960,71250.42
0.37,0.61,0.39,0.63,1770419485962,71250.42
0.37,0.62,0.39,0.63,1770419485973,71250.42
0.37,0.62,0.38,0.63,1770419485974,71250.42
0.36,0.62,0.38,0.63,1770419486793,71245.17
0.36,0.62,0.38,0.64,1770419486818,71245.17
0.36,0.63,0.38,0.64,1770419487081,71245.17
0.36,0.63,0.37,0.64,1770419487102,71245.17
0.36,0.62,0.37,0.64,1770419487634,71237.37
0.36,0.62,0.38,0.64,1770419487658,71237.37
0.37,0.62,0.38,0.64,1770419487679,71237.37
0.37,0.62,0.38,0.63,1770419487680,71237.37
0.36,0.62,0.38,0.63,1770419488680,71237.37
0.36,0.62,0.38,0.64,1770419488705,71237.37
0.36,0.63,0.38,0.64,1770419488801,71237.37
0.36,0.63,0.37,0.64,1770419488827,71237.37
0.36,0.62,0.37,0.64,1770419489860,71237.37
0.36,0.62,0.38,0.64,1770419489861,71237.37
0.37,0.62,0.38,0.64,1770419489884,71237.37
0.37,0.62,0.38,0.63,1770419489885,71237.37
0.37,0.62,0.38,0.64,1770419491700,71245.99
0.36,0.62,0.38,0.64,1770419491701,71245.99
0.36,0.63,0.38,0.64,1770419491709,71245.99
0.36,0.63,0.37,0.64,1770419491730,71245.99
0.36,0.62,0.37,0.64,1770419493378,71239.7
0.36,0.62,0.38,0.64,1770419493379,71239.7
0.37,0.62,0.38,0.64,1770419493406,71239.7
0.37,0.62,0.38,0.63,1770419493413,71239.7
0.36,0.62,0.38,0.63,1770419493678,71239.7
0.36,0.62,0.38,0.64,1770419493696,71239.7
0.36,0.63,0.38,0.64,1770419493984,71239.7
0.36,0.63,0.37,0.64,1770419493985,71239.7
0.36,0.62,0.37,0.64,1770419494096,71239.7
