0.33,0.66,0.34,0.67,1770422434913,70402.79
0.33,0.68,0.34,0.7,1770422435355,70315.43
0.3,0.68,0.32,0.7,1770422435361,70315.43
0.3,0.69,0.32,0.7,1770422435428,70315.43
0.3,0.69,0.31,0.7,1770422435429,70315.43
0.3,0.68,0.31,0.7,1770422435461,70315.43
0.3,0.68,0.32,0.7,1770422435467,70315.43
0.3,0.68,0.32,0.69,1770422435505,70315.43
0.31,0.68,0.32,0.69,1770422435506,70315.43
0.3,0.68,0.32,0.69,1770422435518,70315.43
0.3,0.68,0.32,0.7,1770422435519,70315.43
0.3,0.69,0.32,0.7,1770422435563,70315.43
0.3,0.69,0.31,0.7,1770422435571,70315.43
0.3,0.68,0.31,0.7,1770422435615,70315.43
0.3,0.68,0.32,0.7,1770422435622,70315.43
0.3,0.68,0.32,0.74,1770422435689,70315.43
0.26,0.68,0.32,0.74,1770422435690,70315.43
0.31,0.68,0.32,0.74,1770422435694,70315.43
0.31,0.68,0.32,0.69,1770422435695,70315.43
0.31,0.67,0.32,0.69,1770422435768,70315.43
0.32,0.67,0.33,0.69,1770422435773,70315.43
0.32,0.68,0.33,0.69,1770422435776,70315.43
0.31,0.68,0.32,0.69,1770422435777,70315.43
0.27,0.68,0.32,0.69,1770422435781,70315.43
0.27,0.68,0.32,0.73,1770422435782,70315.43
0.27,0.68,0.32,0.69,1770422435791,70315.43
0.31,0.68,0.32,0.69,1770422435802,70315.43
0.31,0.67,0.32,0.69,1770422435831,70315.43
0.31,0.67,0.33,0.69,1770422435845,70315.43
0.33,0.67,0.34,0.69,1770422435904,70315.43
0.33,0.66,0.34,0.67,1770422435905,70315.43
0.33,0.65,0.34,0.67,1770422436078,70315.43
0.33,0.65,0.35,0.67,1770422436079,70315.43
0.33,0.64,0.35,0.67,1770422436101,70315.43
0.33,0.64,0.36,0.67,1770422436105,70315.43
0.33,0.65,0.36,0.67,1770422436208,70315.43
0.33,0.65,0.35,0.67,1770422436209,70315.43
0.34,0.65,0.35,0.67,1770422436556,70412.1
0.33,0.65,0.35,0.66,1770422436587,70412.1
0.33,0.65,0.35,0.67,1770422436599,70412.1
0.33,0.66,0.35,0.67,1770422436648,70412.1
0.33,0.66,0.34,0.67,1770422436649,70412.1
0.33,0.65,0.34,0.67,1770422436860,70412.1
0.33,0.65,0.35,0.67,1770422436864,70412.1
0.33,0.66,0.35,0.67,1770422437148,70412.1
0.33,0.66,0.34,0.67,1770422437149,70412.1
0.32,0.66,0.34,0.67,1770422437631,70388.01
0.32,0.66,0.34,0.68,1770422437632,70388.01
0.32,0.67,0.34,0.68,1770422437707,70388.01
0.32,0.67,0.33,0.68,1770422437708,70388.01
0.32,0.66,0.33,0.68,1770422438391,70396.98
0.32,0.66,0.34,0.68,1770422438393,70396.98
0.32,0.65,0.34,0.68,1770422438651,70396.98
0.32,0.65,0.35,0.68,1770422438659,70396.98
0.32,0.66,0.35,0.68,1770422438798,70396.98
0.32,0.66,0.34,0.68,1770422438800,70396.98
0.32,0.67,0.34,0.68,1770422438875,70396.98
0.32,0.67,0.33,0.68,1770422438895,70396.98
0.31,0.67,0.33,0.68,1770422438982,70396.98
0.31,0.67,0.33,0.69,1770422439003,70396.98
0.31,0.68,0.33,0.69,1770422439036,70396.98
0.31,0.68,0.32,0.69,1770422439037,70396.98
0.31,0.67,0.32,0.69,1770422439309,70366.56
0.31,0.67,0.33,0.69,1770422439314,70366.56
0.31,0.68,0.33,0.69,1770422439426,70366.56
0.31,0.68,0.32,0.69,1770422439432,70366.56
0.3,0.68,0.32,0.69,1770422439761,70366.56
0.3,0.68,0.32,0.7,1770422439762,70366.56
0.3,0.69,0.32,0.7,1770422439786,70366.56
0.3,0.69,0.31,0.7,1770422439787,70366.56
0.3,0.68,0.31,0.7,1770422439805,70366.56
0.3,0.68,0.32,0.7,1770422439825,70366.56
0.3,0.69,0.32,0.7,1770422439827,70366.56
0.3,0.69,0.31,0.7,1770422439828,70366.56
0.28,0.69,0.31,0.7,1770422439911,70366.56
0.28,0.69,0.31,0.72,1770422439917,70366.56
0.28,0.7,0.31,0.72,1770422439945,70366.56
0.28,0.7,0.3,0.72,1770422439949,70366.56
0.29,0.7,0.3,0.72,1770422440047,70366.56
0.29,0.7,0.3,0.71,1770422440049,70366.56
0.28,0.7,0.3,0.71,1770422440100,70366.56
0.28,0.7,0.3,0.72,1770422440101,70366.56
0.28,0.71,0.3,0.72,1770422440210,70366.56
0.28,0.71,0.29,0.72,1770422440211,70366.56
0.27,0.71,0.29,0.72,1770422440403,70325.59
0.27,0.71,0.29,0.73,1770422440404,70325.59
0.27,0.72,0.29,0.73,1770422440454,70325.59
0.27,0.72,0.28,0.73,1770422440455,70325.59
0.26,0.72,0.28,0.73,1770422440946,70325.59
0.26,0.72,0.28,0.74,1770422440951,70325.59
0.26,0.73,0.28,0.74,1770422440988,70325.59
0.26,0.73,0.27,0.74,1770422440989,70325.59
0.26,0.72,0.27,0.74,1770422441032,70325.59
0.26,0.72,0.28,0.74,1770422441033,70325.59
0.28,0.72,0.29,0.74,1770422441089,70325.59
0.28,0.71,0.29,0.72,1770422441096,70325.59
0.26,0.71,0.29,0.72,1770422441098,70325.59
0.26,0.71,0.29,0.74,1770422441099,70325.59
0.26,0.73,0.29,0.74,1770422441103,70325.59
0.28,0.73,0.29,0.74,1770422441113,70325.59
0.28,0.71,0.29,0.72,1770422441118,70325.59
0.26,0.71,0.29,0.72,1770422441165,70325.59
0.26,0.71,0.29,0.74,1770422441166,70325.59
0.28,0.71,0.29,0.74,1770422441172,70325.59
0.28,0.71,0.29,0.72,1770422441173,70325.59
0.26,0.71,0.29,0.72,1770422441289,70280.11
0.26,0.71,0.29,0.74,1770422441291,70280.11
0.26,0.72,0.29,0.74,1770422441340,70280.11
0.26,0.73,0.28,0.74,1770422441357,70280.11
0.26,0.73,0.27,0.74,1770422441361,70280.11
0.26,0.72,0.27,0.74,1770422441676,70280.11
0.26,0.72,0.28,0.74,1770422441677,70280.11
0.27,0.72,0.28,0.74,1770422441759,70280.11
0.27,0.72,0.28,0.73,1770422441760,70280.11
0.26,0.72,0.28,0.73,1770422441807,70280.11
0.26,0.72,0.28,0.74,1770422441817,70280.11
0.26,0.71,0.28,0.74,1770422441839,70280.11
0.26,0.71,0.29,0.74,1770422441840,70280.11
0.27,0.71,0.29,0.74,1770422441858,70280.11
0.27,0.71,0.29,0.73,1770422441866,70280.11
0.26,0.71,0.29,0.73,1770422441877,70280.11
0.26,0.71,0.29,0.74,1770422441879,70280.11
0.26,0.72,0.29,0.74,1770422441957,70280.11
0.26,0.72,0.28,0.74,1770422441981,70280.11
0.27,0.72,0.28,0.74,1770422442121,70280.11
0.27,0.72,0.28,0.73,1770422442141,70280.11
0.26,0.72,0.28,0.73,1770422442292,70277.87
0.26,0.73,0.28,0.74,1770422442305,70277.87
0.26,0.73,0.27,0.74,1770422442310,70277.87
0.25,0.73,0.27,0.74,1770422443361,70281.76
0.25,0.73,0.27,0.75,1770422443371,70281.76
0.25,0.74,0.27,0.75,1770422443434,70281.76
0.25,0.74,0.26,0.75,1770422443440,70281.76
0.25,0.73,0.26,0.75,1770422445049,70273.45
0.25,0.73,0.27,0.75,1770422445050,70273.45
0.26,0.73,0.27,0.75,1770422445084,70273.45
0.26,0.73,0.27,0.74,1770422445088,70273.45
0.26,0.73,0.28,0.74,1770422445623,70277.09
0.26,0.72,0.28,0.74,1770422445624,70277.09
0.26,0.73,0.28,0.74,1770422445685,70277.09
0.26,0.73,0.27,0.74,1770422445705,70277.09
0.26,0.72,0.27,0.74,1770422445746,70277.09
0.26,0.72,0.28,0.74,1770422445747,70277.09
0.27,0.72,0.28,0.74,1770422445791,70277.09
0.27,0.72,0.28,0.73,1770422445798,70277.09
0.27,0.71,0.28,0.73,1770422445848,70277.09
0.27,0.71,0.29,0.73,1770422445852,70277.09
0.28,0.71,0.29,0.73,1770422446048,70277.09
0.28,0.71,0.29,0.72,1770422446084,70277.09
0.27,0.71,0.29,0.72,1770422446137,70277.09
0.28,0.71,0.29,0.73,1770422446142,70277.09
0.28,0.71,0.29,0.72,1770422446147,70277.09
0.27,0.71,0.29,0.72,1770422446241,70297.37
0.27,0.71,0.29,0.73,1770422446288,70297.37
0.28,0.71,0.29,0.73,1770422446509,70297.37
0.28,0.71,0.29,0.72,1770422446516,70297.37
0.27,0.71,0.29,0.72,1770422446604,70297.37
0.27,0.71,0.29,0.73,1770422446620,70297.37
0.27,0.72,0.29,0.73,1770422446683,70297.37
0.27,0.72,0.28,0.73,1770422446685,70297.37
0.27,0.71,0.28,0.73,1770422446713,70297.37
0.27,0.71,0.29,0.73,1770422446714,70297.37
0.28,0.71,0.29,0.73,1770422447007,70297.37
0.28,0.71,0.29,0.72,1770422447009,70297.37
0.27,0.71,0.29,0.72,1770422447101,70297.37
0.27,0.71,0.29,0.73,1770422447102,70297.37
0.28,0.71,0.29,0.73,1770422447128,70297.37
0.28,0.71,0.29,0.72,1770422447129,70297.37
0.28,0.7,0.29,0.72,1770422447764,70302.12
0.28,0.7,0.3,0.72,1770422447766,70302.12
0.29,0.7,0.3,0.72,1770422447809,70302.12
0.29,0.7,0.3,0.71,1770422447818,70302.12
0.29,0.69,0.3,0.71,1770422449258,70320.28
0.29,0.69,0.31,0.71,1770422449261,70320.28
0.3,0.69,0.31,0.71,1770422449277,70320.28
0.3,0.69,0.31,0.7,1770422449278,70320.28
0.3,0.68,0.31,0.7,1770422449839,70320.28
0.31,0.68,0.32,0.7,1770422449840,70320.28
0.31,0.68,0.32,0.69,1770422449846,70320.28
0.31,0.67,0.32,0.69,1770422449938,70320.28
0.31,0.67,0.33,0.69,1770422449939,70320.28
0.32,0.67,0.33,0.69,1770422450012,70320.28
0.32,0.67,0.33,0.68,1770422450025,70320.28
0.31,0.67,0.33,0.68,1770422450073,70320.28
0.32,0.67,0.33,0.69,1770422450081,70320.28
0.32,0.67,0.33,0.68,1770422450087,70320.28
0.31,0.67,0.33,0.68,1770422450096,70320.28
0.31,0.67,0.33,0.69,1770422450111,70320.28
0.31,0.68,0.33,0.69,1770422450133,70320.28
0.31,0.68,0.32,0.69,1770422450136,70320.28
0.31,0.69,0.32,0.7,1770422450695,70351.99
0.3,0.69,0.31,0.7,1770422450696,70351.99
0.32,0.69,0.33,0.7,1770422450712,70351.99
0.32,0.67,0.33,0.68,1770422450714,70351.99
0.31,0.67,0.33,0.68,1770422450980,70351.99
0.31,0.67,0.33,0.69,1770422450987,70351.99
0.31,0.68,0.33,0.69,1770422451337,70364.51
0.31,0.68,0.32,0.69,1770422451338,70364.51
0.31,0.69,0.32,0.7,1770422452746,70342.69
0.3,0.69,0.31,0.7,1770422452752,70342.69
0.3,0.68,0.31,0.7,1770422453715,70339.16
0.3,0.68,0.32,0.7,1770422453718,70339.16
0.31,0.68,0.32,0.7,1770422453736,70339.16
0.31,0.68,0.32,0.69,1770422453737,70339.16
0.31,0.67,0.32,0.69,1770422453974,70339.16
0.31,0.67,0.33,0.69,1770422453975,70339.16
0.32,0.67,0.33,0.69,1770422454015,70339.16
0.32,0.67,0.33,0.68,1770422454017,70339.16
0.32,0.65,0.33,0.68,1770422457097,70376.0
0.32,0.65,0.35,0.68,1770422457099,70376.0
0.32,0.66,0.35,0.68,1770422457113,70376.0
0.32,0.66,0.34,0.68,1770422457114,70376.0
0.33,0.66,0.34,0.68,1770422457129,70376.0
0.33,0.66,0.34,0.67,1770422457141,70376.0
0.31,0.66,0.34,0.67,1770422459324,70380.78
0.31,0.66,0.34,0.69,1770422459331,70380.78
0.31,0.67,0.34,0.69,1770422459333,70380.78
0.31,0.67,0.33,0.69,1770422459336,70380.78
0.31,0.68,0.33,0.69,1770422459399,70380.78
0.31,0.68,0.32,0.69,1770422459400,70380.78
0.3,0.68,0.32,0.69,1770422459948,70380.78
0.3,0.68,0.32,0.7,1770422459957,70380.78
0.3,0.69,0.32,0.7,1770422459987,70380.78
0.3,0.69,0.31,0.7,1770422459989,70380.78
0.3,0.68,0.31,0.7,1770422460086,70380.78
0.3,0.68,0.32,0.7,1770422460115,70380.78
0.3,0.69,0.32,0.7,1770422460153,70380.78
0.3,0.69,0.31,0.7,1770422460154,70380.78
0.3,0.68,0.31,0.7,1770422460178,70380.78
0.3,0.68,0.32,0.7,1770422460202,70380.78
0.3,0.67,0.32,0.7,1770422460226,70380.78
0.3,0.67,0.33,0.7,1770422460228,70380.78
0.31,0.67,0.33,0.7,1770422460266,70340.41
0.31,0.67,0.33,0.69,1770422460267,70340.41
0.31,0.67,0.33,0.68,1770422460679,70340.41
0.32,0.67,0.33,0.68,1770422460681,70340.41
0.32,0.66,0.33,0.68,1770422461912,70364.1
0.32,0.66,0.34,0.68,1770422461913,70364.1
0.33,0.66,0.34,0.68,1770422462001,70364.1
0.33,0.66,0.34,0.67,1770422462003,70364.1
0.33,0.63,0.34,0.67,1770422462098,70364.1
0.33,0.63,0.37,0.67,1770422462099,70364.1
0.33,0.62,0.37,0.67,1770422462184,70364.1
0.33,0.62,0.38,0.67,1770422462190,70364.1
0.33,0.65,0.38,0.67,1770422462199,70364.1
0.33,0.65,0.35,0.67,1770422462200,70364.1
0.34,0.65,0.35,0.67,1770422462370,70385.14
0.34,0.65,0.35,0.66,1770422462386,70385.14
0.34,0.64,0.35,0.66,1770422462431,70385.14
0.34,0.64,0.36,0.66,1770422462432,70385.14
0.34,0.65,0.36,0.66,1770422462445,70385.14
0.34,0.65,0.35,0.66,1770422462449,70385.14
0.34,0.64,0.35,0.66,1770422462479,70385.14
0.34,0.64,0.36,0.66,1770422462480,70385.14
0.33,0.64,0.36,0.66,1770422462481,70385.14
0.33,0.64,0.36,0.67,1770422462487,70385.14
0.34,0.64,0.36,0.67,1770422462548,70385.14
0.34,0.64,0.36,0.66,1770422462549,70385.14
0.34,0.65,0.36,0.66,1770422462568,70385.14
0.34,0.65,0.35,0.66,1770422462569,70385.14
0.34,0.64,0.35,0.66,1770422462684,70385.14
0.34,0.64,0.36,0.66,1770422462693,70385.14
0.34,0.65,0.36,0.66,1770422462708,70385.14
0.34,0.65,0.35,0.66,1770422462715,70385.14
0.34,0.64,0.35,0.66,1770422462732,70385.14
0.34,0.64,0.36,0.66,1770422462733,70385.14
0.34,0.65,0.36,0.66,1770422463160,70385.14
0.34,0.65,0.35,0.66,1770422463168,70385.14
0.33,0.65,0.35,0.66,1770422463438,70380.2
0.33,0.65,0.35,0.67,1770422463439,70380.2
0.33,0.66,0.35,0.67,1770422463866,70380.2
0.33,0.66,0.34,0.67,1770422463887,70380.2
0.33,0.67,0.34,0.68,1770422465584,70364.09
0.32,0.67,0.33,0.68,1770422465605,70364.09
0.32,0.68,0.33,0.69,1770422467360,70344.97
0.31,0.68,0.32,0.69,1770422467363,70344.97
0.31,0.67,0.32,0.69,1770422470014,70344.97
0.31,0.67,0.33,0.69,1770422470015,70344.97
0.32,0.67,0.33,0.69,1770422470054,70344.97
0.32,0.67,0.33,0.68,1770422470065,70344.97
0.33,0.67,0.34,0.68,1770422471872,70352.0
0.33,0.66,0.34,0.67,1770422471873,70352.0
0.32,0.66,0.34,0.67,1770422472331,70362.59
0.32,0.66,0.34,0.68,1770422472332,70362.59
0.32,0.66,0.33,0.68,1770422472359,70362.59
0.32,0.67,0.33,0.68,1770422472360,70362.59
0.31,0.67,0.33,0.68,1770422472483,70362.59
0.31,0.67,0.33,0.69,1770422472484,70362.59
0.31,0.67,0.32,0.69,1770422472510,70362.59
0.31,0.68,0.32,0.69,1770422472511,70362.59
0.31,0.69,0.32,0.7,1770422473329,70330.18
0.3,0.69,0.31,0.7,1770422473330,70330.18
0.29,0.69,0.31,0.7,1770422473560,70330.18
0.29,0.69,0.31,0.71,1770422473561,70330.18
0.3,0.69,0.31,0.71,1770422473563,70330.18
0.3,0.69,0.31,0.7,1770422473566,70330.18
0.29,0.69,0.31,0.7,1770422473731,70330.18
0.29,0.69,0.31,0.71,1770422473746,70330.18
0.3,0.69,0.31,0.71,1770422473780,70330.18
0.3,0.69,0.31,0.7,1770422473781,70330.18
0.3,0.7,0.31,0.71,1770422474044,70330.18
0.29,0.7,0.3,0.71,1770422474053,70330.18
0.29,0.69,0.3,0.71,1770422474129,70330.18
0.29,0.69,0.31,0.71,1770422474136,70330.18
0.3,0.69,0.31,0.71,1770422474423,70302.19
0.3,0.69,0.31,0.7,1770422474454,70302.19
0.3,0.7,0.31,0.71,1770422474483,70302.19
0.29,0.7,0.3,0.71,1770422474484,70302.19
0.28,0.7,0.3,0.71,1770422474578,70302.19
0.28,0.7,0.3,0.72,1770422474579,70302.19
0.28,0.71,0.3,0.72,1770422474646,70302.19
0.28,0.71,0.29,0.72,1770422474657,70302.19
0.28,0.7,0.29,0.72,1770422475026,70302.19
0.28,0.7,0.3,0.72,1770422475030,70302.19
0.28,0.71,0.3,0.72,1770422475050,70302.19
0.28,0.71,0.29,0.72,1770422475051,70302.19
0.28,0.7,0.29,0.72,1770422476458,70288.04
0.28,0.7,0.3,0.72,1770422476468,70288.04
0.29,0.7,0.3,0.72,1770422476511,70288.04
0.29,0.7,0.3,0.71,1770422476519,70288.04
0.28,0.7,0.3,0.71,1770422477407,70296.62
0.28,0.7,0.3,0.72,1770422477409,70296.62
0.28,0.71,0.3,0.72,1770422477558,70296.62
0.28,0.71,0.29,0.72,1770422477560,70296.62
0.27,0.71,0.29,0.72,1770422477714,70296.62
0.27,0.71,0.29,0.73,1770422477716,70296.62
0.27,0.72,0.29,0.73,1770422477986,70296.62
0.27,0.72,0.28,0.73,1770422477997,70296.62
0.27,0.71,0.28,0.73,1770422478425,70282.0
0.27,0.71,0.29,0.73,1770422478426,70282.0
0.27,0.71,0.29,0.72,1770422478616,70282.0
0.28,0.71,0.29,0.72,1770422478619,70282.0
0.27,0.71,0.29,0.72,1770422479747,70290.0
0.27,0.71,0.29,0.73,1770422479748,70290.0
0.27,0.72,0.29,0.73,1770422479756,70290.0
0.27,0.72,0.28,0.73,1770422479772,70290.0
0.27,0.73,0.28,0.74,1770422481568,70289.99
0.26,0.73,0.27,0.74,1770422481591,70289.99
0.26,0.72,0.27,0.74,1770422482102,70289.99
0.26,0.72,0.28,0.74,1770422482125,70289.99
0.27,0.72,0.28,0.74,1770422482140,70289.99
0.27,0.72,0.28,0.73,1770422482141,70289.99
0.26,0.72,0.28,0.73,1770422482237,70285.07
0.26,0.72,0.28,0.74,1770422482238,70285.07
0.26,0.73,0.27,0.74,1770422482251,70285.07
0.26,0.72,0.27,0.74,1770422482697,70285.07
0.26,0.72,0.28,0.74,1770422482706,70285.07
0.26,0.72,0.28,0.73,1770422482737,70285.07
0.27,0.72,0.28,0.73,1770422482739,70285.07
0.27,0.71,0.28,0.73,1770422483287,70284.13
0.27,0.71,0.29,0.73,1770422483313,70284.13
0.28,0.71,0.29,0.73,1770422483460,70284.13
0.28,0.71,0.29,0.72,1770422483489,70284.13
0.28,0.7,0.29,0.72,1770422485669,70300.0
0.28,0.7,0.3,0.72,1770422485670,70300.0
0.29,0.7,0.3,0.72,1770422486108,70300.0
0.29,0.7,0.3,0.71,1770422486109,70300.0
0.29,0.69,0.3,0.71,1770422486269,70309.14
0.29,0.69,0.31,0.71,1770422486270,70309.14
0.3,0.69,0.31,0.71,1770422486324,70309.14
0.3,0.69,0.31,0.7,1770422486326,70309.14
0.29,0.69,0.31,0.7,1770422486693,70309.14
0.3,0.69,0.31,0.71,1770422486694,70309.14
0.3,0.69,0.31,0.7,1770422486708,70309.14
0.29,0.69,0.31,0.7,1770422488250,70329.99
0.29,0.69,0.31,0.71,1770422488251,70329.99
0.29,0.69,0.3,0.71,1770422488273,70329.99
0.29,0.7,0.3,0.71,1770422488274,70329.99
0.28,0.7,0.3,0.71,1770422489173,70328.19
0.28,0.7,0.3,0.72,1770422489178,70328.19
0.29,0.7,0.3,0.72,1770422489238,70328.19
0.29,0.7,0.3,0.71,1770422489239,70328.19
0.28,0.7,0.3,0.71,1770422490218,70315.2
0.28,0.7,0.3,0.72,1770422490242,70306.34
0.28,0.71,0.3,0.72,1770422490302,70306.34
0.28,0.71,0.29,0.72,1770422490303,70306.34
0.25,0.71,0.29,0.72,1770422493894,70275.36
0.25,0.71,0.29,0.75,1770422493908,70275.36
0.25,0.71,0.28,0.75,1770422493922,70275.36
0.25,0.72,0.28,0.75,1770422493923,70275.36
0.26,0.72,0.28,0.75,1770422493940,70275.36
0.26,0.72,0.28,0.74,1770422493941,70275.36
0.26,0.72,0.27,0.74,1770422493958,70275.36
0.26,0.73,0.27,0.74,1770422493959,70275.36
0.26,0.74,0.27,0.75,1770422495120,70236.82
0.25,0.74,0.26,0.75,1770422495145,70236.82
0.24,0.74,0.26,0.75,1770422495824,70226.83
0.24,0.74,0.26,0.76,1770422495825,70226.83
0.24,0.74,0.25,0.76,1770422495851,70226.83
0.24,0.75,0.25,0.76,1770422495852,70226.83
0.23,0.75,0.25,0.76,1770422496499,70209.28
0.23,0.75,0.25,0.77,1770422496500,70209.28
0.23,0.76,0.25,0.77,1770422496545,70209.28
0.23,0.76,0.24,0.77,1770422496546,70209.28
0.22,0.76,0.24,0.77,1770422499499,70198.92
0.22,0.76,0.24,0.78,1770422499501,70198.92
0.22,0.76,0.23,0.78,1770422499540,70198.92
0.22,0.77,0.23,0.78,1770422499542,70198.92
0.22,0.77,0.24,0.78,1770422499593,70198.92
0.22,0.76,0.24,0.78,1770422499604,70198.92
0.22,0.77,0.24,0.78,1770422499618,70198.92
0.22,0.77,0.23,0.78,1770422499632,70198.92
0.22,0.76,0.23,0.78,1770422499760,70198.92
0.22,0.76,0.24,0.78,1770422499761,70198.92
0.23,0.76,0.24,0.78,1770422499772,70198.92
0.23,0.76,0.24,0.77,1770422499773,70198.92
0.23,0.75,0.24,0.77,1770422500147,70198.92
0.23,0.75,0.25,0.77,1770422500148,70198.92
0.24,0.75,0.25,0.77,1770422500173,70198.92
0.24,0.75,0.25,0.76,1770422500176,70198.92
0.24,0.76,0.25,0.77,1770422506226,70221.99
0.23,0.76,0.24,0.77,1770422506227,70221.99
0.23,0.76,0.24,0.78,1770422508498,70204.72
0.22,0.76,0.24,0.78,1770422508499,70204.72
0.22,0.77,0.24,0.78,1770422508513,70204.72
0.22,0.77,0.23,0.78,1770422508514,70204.72
0.22,0.76,0.23,0.78,1770422511254,70190.01
0.22,0.76,0.24,0.78,1770422511280,70190.01
0.23,0.76,0.24,0.78,1770422513240,70190.0
0.23,0.76,0.24,0.77,1770422513246,70190.0
0.23,0.75,0.24,0.77,1770422519005,70213.82
0.23,0.75,0.25,0.77,1770422519006,70213.82
0.24,0.75,0.25,0.77,1770422519088,70213.82
0.24,0.75,0.25,0.76,1770422519089,70213.82
0.24,0.74,0.25,0.76,1770422522093,70205.76
0.24,0.74,0.26,0.76,1770422522099,70205.76
0.25,0.74,0.26,0.76,1770422522240,70220.0
0.24,0.74,0.26,0.75,1770422522268,70220.0
0.24,0.74,0.26,0.76,1770422522280,70220.0
0.24,0.74,0.25,0.76,1770422522397,70220.0
0.24,0.75,0.25,0.76,1770422522425,70220.0
0.24,0.75,0.26,0.76,1770422522436,70220.0
0.24,0.74,0.26,0.76,1770422522448,70220.0
0.25,0.74,0.26,0.76,1770422522468,70220.0
0.25,0.74,0.26,0.75,1770422522529,70220.0
0.26,0.74,0.27,0.75,1770422525242,70256.0
0.26,0.73,0.27,0.74,1770422525244,70256.0
0.26,0.73,0.28,0.74,1770422525354,70256.0
0.26,0.72,0.28,0.74,1770422525357,70256.0
0.27,0.72,0.28,0.74,1770422525388,70256.0
0.27,0.72,0.28,0.73,1770422525389,70256.0
0.27,0.72,0.29,0.73,1770422525643,70256.0
0.27,0.71,0.29,0.73,1770422525646,70256.0
0.28,0.71,0.29,0.73,1770422525671,70256.0
0.28,0.71,0.29,0.72,1770422525674,70256.0
0.28,0.71,0.3,0.72,1770422525986,70256.0
0.28,0.7,0.3,0.72,1770422525992,70256.0
0.29,0.7,0.3,0.72,1770422526016,70256.0
0.29,0.7,0.3,0.71,1770422526017,70256.0
0.29,0.7,0.31,0.71,1770422526331,70303.0
0.29,0.69,0.31,0.71,1770422526333,70303.0
0.3,0.69,0.31,0.71,1770422526363,70303.0
0.3,0.69,0.31,0.7,1770422526369,70303.0
0.29,0.69,0.31,0.7,1770422526457,70303.0
0.29,0.69,0.31,0.71,1770422526458,70303.0
0.29,0.7,0.31,0.71,1770422526495,70303.0
0.29,0.7,0.3,0.71,1770422526517,70303.0
0.29,0.69,0.3,0.71,1770422526545,70303.0
0.29,0.69,0.31,0.71,1770422526561,70303.0
0.29,0.7,0.31,0.71,1770422526572,70303.0
0.29,0.7,0.3,0.71,1770422526573,70303.0
0.29,0.69,0.3,0.71,1770422526600,70303.0
0.29,0.69,0.31,0.71,1770422526601,70303.0
0.3,0.69,0.31,0.71,1770422526826,70303.0
0.3,0.69,0.31,0.7,1770422526831,70303.0
0.3,0.69,0.32,0.7,1770422527382,70325.99
0.3,0.68,0.32,0.7,1770422527383,70325.99
0.31,0.68,0.32,0.7,1770422527395,70325.99
0.31,0.68,0.32,0.69,1770422527398,70325.99
0.3,0.68,0.32,0.69,1770422529156,70335.99
0.3,0.68,0.32,0.7,1770422529180,70335.99
0.31,0.68,0.32,0.7,1770422529210,70335.99
0.31,0.68,0.32,0.69,1770422529215,70335.98
0.31,0.68,0.33,0.69,1770422529683,70335.98
0.31,0.67,0.33,0.69,1770422529691,70335.98
0.32,0.67,0.33,0.69,1770422529694,70335.98
0.32,0.67,0.33,0.68,1770422529697,70335.98
0.32,0.65,0.33,0.68,1770422530609,70378.01
0.34,0.65,0.35,0.68,1770422530615,70378.01
0.34,0.65,0.35,0.66,1770422530622,70378.01
0.34,0.65,0.36,0.66,1770422530866,70378.01
0.35,0.64,0.36,0.66,1770422530871,70378.01
0.35,0.64,0.36,0.65,1770422530873,70378.01
0.35,0.64,0.37,0.65,1770422531026,70378.01
0.35,0.63,0.37,0.65,1770422531031,70378.01
0.36,0.63,0.37,0.65,1770422531033,70378.01
0.36,0.63,0.37,0.64,1770422531038,70378.01
0.35,0.63,0.37,0.64,1770422531202,70378.01
0.35,0.63,0.37,0.65,1770422531208,70378.01
0.35,0.64,0.37,0.65,1770422531224,70378.01
0.35,0.64,0.36,0.65,1770422531225,70378.01
0.34,0.64,0.36,0.65,1770422531294,70418.07
0.34,0.64,0.36,0.66,1770422531308,70418.07
0.34,0.65,0.36,0.66,1770422531316,70418.07
0.34,0.65,0.35,0.66,1770422531324,70418.07
0.34,0.63,0.35,0.66,1770422531360,70418.07
0.34,0.63,0.37,0.66,1770422531361,70418.07
0.34,0.64,0.37,0.66,1770422531403,70418.07
0.34,0.64,0.36,0.66,1770422531404,70418.07
0.34,0.64,0.35,0.66,1770422531424,70418.07
0.34,0.65,0.35,0.66,1770422531425,70418.07
0.33,0.65,0.35,0.66,1770422531933,70418.07
0.33,0.65,0.35,0.67,1770422531934,70418.07
0.33,0.66,0.35,0.67,1770422531954,70418.07
0.33,0.66,0.34,0.67,1770422531955,70418.07
0.32,0.66,0.34,0.67,1770422532468,70371.71
0.32,0.66,0.34,0.68,1770422532474,70371.71
0.32,0.66,0.33,0.68,1770422532491,70371.71
0.32,0.67,0.33,0.68,1770422532492,70371.71
0.32,0.68,0.33,0.7,1770422533326,70328.01
0.3,0.68,0.32,0.7,1770422533327,70328.01
0.3,0.69,0.32,0.7,1770422533338,70328.01
0.3,0.69,0.31,0.7,1770422533341,70328.01
0.3,0.7,0.31,0.71,1770422533833,70328.01
0.29,0.7,0.3,0.71,1770422533834,70328.01
0.29,0.7,0.31,0.71,1770422534364,70299.0
0.29,0.69,0.31,0.71,1770422534365,70299.0
0.3,0.69,0.31,0.71,1770422534443,70299.0
0.3,0.69,0.31,0.7,1770422534444,70299.0
0.31,0.69,0.32,0.7,1770422539253,70306.29
0.31,0.68,0.32,0.69,1770422539254,70306.29
0.31,0.67,0.32,0.69,1770422540234,70306.29
0.31,0.67,0.33,0.69,1770422540236,70306.29
0.31,0.68,0.33,0.69,1770422540328,70324.36
0.31,0.68,0.32,0.69,1770422540332,70324.36
0.31,0.69,0.32,0.71,1770422546652,70297.98
0.29,0.69,0.31,0.71,1770422546653,70297.98
0.29,0.7,0.31,0.71,1770422546678,70297.98
0.29,0.7,0.3,0.71,1770422546679,70297.98
0.28,0.7,0.3,0.71,1770422547709,70270.01
0.28,0.7,0.3,0.72,1770422547730,70270.01
0.28,0.71,0.3,0.72,1770422547732,70270.01
0.28,0.71,0.29,0.72,1770422547733,70270.01
0.28,0.7,0.29,0.72,1770422552112,70257.22
0.28,0.7,0.3,0.72,1770422552113,70257.22
0.29,0.7,0.3,0.72,1770422552140,70257.22
0.29,0.7,0.3,0.71,1770422552146,70257.22
0.29,0.69,0.3,0.71,1770422553197,70276.0
0.29,0.69,0.31,0.71,1770422553200,70276.0
0.3,0.69,0.31,0.7,1770422553201,70276.0
0.3,0.69,0.32,0.7,1770422557767,70295.93
0.3,0.68,0.32,0.7,1770422557768,70295.93
0.31,0.68,0.32,0.7,1770422557800,70295.93
0.31,0.68,0.32,0.69,1770422557813,70295.93
0.3,0.68,0.32,0.69,1770422557831,70295.93
0.3,0.68,0.32,0.7,1770422557832,70295.93
0.31,0.68,0.32,0.7,1770422558249,70300.0
0.3,0.68,0.32,0.69,1770422558279,70300.0
0.3,0.68,0.32,0.7,1770422558280,70300.0
0.31,0.68,0.32,0.7,1770422559366,70300.0
0.31,0.68,0.32,0.69,1770422559368,70300.0
0.31,0.68,0.33,0.69,1770422560663,70317.62
0.31,0.67,0.33,0.69,1770422560665,70317.62
0.32,0.67,0.33,0.69,1770422560691,70317.62
0.32,0.67,0.33,0.68,1770422560692,70317.62
0.31,0.67,0.33,0.68,1770422561587,70322.57
0.31,0.67,0.33,0.69,1770422561599,70322.57
0.31,0.67,0.32,0.69,1770422561618,70322.57
0.31,0.68,0.32,0.69,1770422561619,70322.57
0.3,0.68,0.32,0.69,1770422562363,70315.57
0.3,0.68,0.32,0.7,1770422562364,70315.57
0.3,0.68,0.31,0.7,1770422562396,70315.57
0.3,0.69,0.31,0.7,1770422562397,70315.57
0.3,0.69,0.32,0.7,1770422562488,70315.57
0.3,0.68,0.32,0.7,1770422562504,70315.57
0.3,0.69,0.32,0.7,1770422562863,70315.57
0.3,0.69,0.31,0.7,1770422562873,70315.57
0.3,0.68,0.31,0.7,1770422564332,70296.01
0.3,0.68,0.32,0.7,1770422564362,70296.01
0.3,0.68,0.31,0.7,1770422564859,70296.01
0.3,0.69,0.31,0.7,1770422564882,70296.01
0.3,0.69,0.32,0.7,1770422565422,70299.98
0.3,0.68,0.32,0.7,1770422565431,70299.98
0.31,0.68,0.32,0.7,1770422565599,70299.98
0.31,0.68,0.32,0.69,1770422565600,70299.98
0.3,0.68,0.32,0.69,1770422565634,70299.98
0.3,0.68,0.32,0.7,1770422565635,70299.98
0.31,0.68,0.32,0.7,1770422565901,70299.98
0.31,0.68,0.32,0.69,1770422565922,70299.98
0.31,0.68,0.33,0.69,1770422575434,70307.99
0.31,0.67,0.33,0.69,1770422575462,70307.99
0.32,0.67,0.33,0.69,1770422575608,70307.99
0.32,0.67,0.33,0.68,1770422575612,70307.99
0.31,0.67,0.33,0.68,1770422575705,70307.99
0.31,0.67,0.33,0.69,1770422575707,70307.99
0.32,0.67,0.33,0.69,1770422575733,70307.99
0.32,0.67,0.33,0.68,1770422575734,70307.99
0.31,0.67,0.33,0.68,1770422576006,70307.99
0.31,0.67,0.33,0.69,1770422576016,70307.99
0.31,0.68,0.33,0.69,1770422576131,70307.99
0.31,0.68,0.32,0.69,1770422576132,70307.99
0.3,0.68,0.32,0.69,1770422577621,70292.0
0.3,0.68,0.32,0.7,1770422577629,70292.0
0.3,0.69,0.32,0.7,1770422577646,70292.0
0.3,0.69,0.31,0.7,1770422577648,70292.0
0.29,0.69,0.31,0.7,1770422577668,70292.0
0.29,0.69,0.31,0.71,1770422577674,70292.0
0.3,0.69,0.31,0.71,1770422577753,70292.0
0.3,0.69,0.31,0.7,1770422577754,70292.0
0.29,0.69,0.31,0.7,1770422578502,70290.69
0.29,0.69,0.31,0.71,1770422578504,70290.69
0.3,0.69,0.31,0.71,1770422578638,70290.69
0.3,0.69,0.31,0.7,1770422578639,70290.69
0.29,0.69,0.31,0.7,1770422579310,70290.0
0.29,0.69,0.31,0.71,1770422579320,70290.0
0.3,0.69,0.31,0.71,1770422580028,70290.0
0.3,0.69,0.31,0.7,1770422580032,70290.0
0.29,0.69,0.31,0.7,1770422580149,70290.0
0.29,0.69,0.31,0.71,1770422580150,70290.0
0.3,0.69,0.31,0.71,1770422580182,70290.0
0.3,0.69,0.31,0.7,1770422580187,70290.0
0.29,0.69,0.31,0.7,1770422580205,70290.0
0.29,0.69,0.31,0.71,1770422580206,70290.0
0.29,0.7,0.31,0.71,1770422580267,70290.01
0.29,0.7,0.3,0.71,1770422580268,70290.01
0.29,0.69,0.3,0.71,1770422580502,70290.01
0.29,0.69,0.31,0.71,1770422580504,70290.01
0.3,0.69,0.31,0.71,1770422580529,70290.01
0.3,0.69,0.31,0.7,1770422580530,70290.01
0.29,0.69,0.31,0.7,1770422585577,70295.99
0.29,0.69,0.31,0.71,1770422585578,70295.99
0.29,0.7,0.31,0.71,1770422585587,70295.99
0.29,0.7,0.3,0.71,1770422585588,70295.99
0.29,0.69,0.3,0.71,1770422585815,70295.99
0.29,0.69,0.31,0.71,1770422585818,70295.99
0.3,0.69,0.31,0.71,1770422585839,70295.99
0.3,0.69,0.31,0.7,1770422585840,70295.99
0.29,0.69,0.31,0.7,1770422586046,70295.99
0.3,0.69,0.31,0.71,1770422586079,70295.99
0.3,0.69,0.31,0.7,1770422586107,70295.99
0.3,0.68,0.31,0.7,1770422588673,70304.0
0.3,0.68,0.32,0.7,1770422588683,70304.0
0.31,0.68,0.32,0.7,1770422588701,70304.0
0.31,0.68,0.32,0.69,1770422588702,70304.0
0.31,0.68,0.33,0.69,1770422590810,70303.99
0.31,0.67,0.33,0.69,1770422590832,70303.99
0.32,0.67,0.33,0.69,1770422590840,70303.99
0.32,0.67,0.33,0.68,1770422590842,70303.99
0.32,0.66,0.33,0.68,1770422591517,70317.24
0.32,0.66,0.34,0.67,1770422591518,70317.24
0.33,0.66,0.34,0.67,1770422591519,70317.24
0.32,0.66,0.34,0.67,1770422591681,70317.24
0.32,0.66,0.34,0.68,1770422591708,70317.24
0.33,0.66,0.34,0.68,1770422591839,70317.24
0.33,0.66,0.34,0.67,1770422591846,70317.24
0.33,0.66,0.35,0.67,1770422592790,70345.14
0.33,0.65,0.35,0.67,1770422592794,70345.14
0.34,0.65,0.35,0.67,1770422592897,70345.14
0.34,0.65,0.35,0.66,1770422592898,70345.14
0.33,0.65,0.35,0.66,1770422593985,70361.99
0.33,0.65,0.35,0.67,1770422593986,70361.99
0.33,0.66,0.35,0.67,1770422594013,70361.99
0.33,0.66,0.34,0.67,1770422594014,70361.99
0.33,0.66,0.34,0.68,1770422594366,70350.1
0.32,0.66,0.34,0.68,1770422594386,70350.1
0.33,0.66,0.34,0.68,1770422595768,70339.24
0.33,0.66,0.34,0.67,1770422595769,70339.24
0.32,0.66,0.34,0.67,1770422595798,70339.24
0.32,0.66,0.34,0.68,1770422595806,70339.24
0.32,0.66,0.33,0.68,1770422595861,70339.24
0.32,0.67,0.33,0.68,1770422595863,70339.24
0.31,0.67,0.33,0.68,1770422596682,70331.56
0.31,0.67,0.33,0.69,1770422596683,70331.56
0.31,0.68,0.33,0.69,1770422597477,70321.71
0.31,0.68,0.32,0.69,1770422597478,70321.71
0.31,0.68,0.33,0.69,1770422599023,70306.44
0.31,0.67,0.33,0.69,1770422599049,70306.44
0.32,0.67,0.33,0.69,1770422599106,70306.44
0.32,0.67,0.33,0.68,1770422599116,70306.44
0.31,0.67,0.33,0.68,1770422599147,70306.44
0.31,0.67,0.33,0.69,1770422599151,70306.44
0.31,0.68,0.33,0.69,1770422599321,70320.18
0.31,0.68,0.32,0.69,1770422599329,70320.18
0.32,0.68,0.33,0.69,1770422603269,70343.99
0.32,0.67,0.33,0.68,1770422603270,70343.99
0.32,0.66,0.33,0.67,1770422608138,70352.01
0.33,0.66,0.34,0.67,1770422608154,70352.01
0.33,0.65,0.34,0.67,1770422608371,70363.24
0.33,0.65,0.35,0.67,1770422608372,70363.24
0.34,0.65,0.35,0.67,1770422608424,70363.24
0.34,0.65,0.35,0.66,1770422608448,70363.24
0.34,0.65,0.36,0.66,1770422609798,70363.23
0.34,0.64,0.36,0.66,1770422609799,70363.23
0.34,0.65,0.36,0.66,1770422609828,70363.23
0.34,0.65,0.35,0.66,1770422609833,70363.23
0.34,0.64,0.35,0.66,1770422609928,70363.23
0.34,0.64,0.36,0.66,1770422609939,70363.23
0.35,0.64,0.36,0.66,1770422609943,70363.23
0.35,0.64,0.36,0.65,1770422609965,70363.23
0.34,0.64,0.36,0.65,1770422612832,70368.48
0.34,0.64,0.36,0.66,1770422612848,70368.48
0.34,0.65,0.36,0.66,1770422612869,70368.48
0.34,0.65,0.35,0.66,1770422612872,70368.48
0.34,0.64,0.35,0.66,1770422616530,70364.91
0.34,0.64,0.36,0.66,1770422616532,70364.91
0.35,0.64,0.36,0.66,1770422616541,70364.91
0.35,0.64,0.36,0.65,1770422616542,70364.91
0.34,0.64,0.36,0.65,1770422620341,70372.0
0.34,0.64,0.36,0.66,1770422620342,70372.0
0.34,0.65,0.36,0.66,1770422620366,70372.0
0.34,0.65,0.35,0.66,1770422620367,70372.0
0.33,0.65,0.35,0.66,1770422623521,70364.44
0.33,0.65,0.35,0.67,1770422623534,70364.44
0.33,0.66,0.35,0.67,1770422623553,70364.44
0.33,0.66,0.34,0.67,1770422623554,70364.44
0.32,0.66,0.34,0.67,1770422624060,70364.44
0.32,0.66,0.34,0.68,1770422624078,70364.44
0.32,0.66,0.33,0.68,1770422624213,70332.89
0.32,0.67,0.33,0.68,1770422624232,70332.89
0.31,0.67,0.33,0.68,1770422624371,70332.89
0.31,0.67,0.33,0.69,1770422624372,70332.89
0.31,0.67,0.32,0.69,1770422624445,70332.89
0.31,0.68,0.32,0.69,1770422624447,70332.89
0.31,0.68,0.33,0.69,1770422624948,70332.89
0.31,0.67,0.33,0.69,1770422624949,70332.89
0.31,0.67,0.32,0.69,1770422625172,70332.89
0.31,0.68,0.32,0.69,1770422625193,70332.89
0.31,0.68,0.33,0.69,1770422625629,70322.21
0.31,0.67,0.33,0.69,1770422625631,70322.21
0.32,0.67,0.33,0.69,1770422625661,70322.21
0.32,0.67,0.33,0.68,1770422625663,70322.21
0.32,0.67,0.34,0.68,1770422627875,70330.94
0.32,0.66,0.34,0.68,1770422627884,70330.94
0.33,0.66,0.34,0.68,1770422627986,70330.94
0.33,0.66,0.34,0.67,1770422627987,70330.94
0.32,0.66,0.34,0.67,1770422628310,70339.14
0.32,0.66,0.34,0.68,1770422628338,70339.14
0.33,0.66,0.34,0.68,1770422628736,70339.14
0.33,0.66,0.34,0.67,1770422628737,70339.14
0.33,0.65,0.34,0.67,1770422629226,70352.0
0.33,0.65,0.35,0.67,1770422629227,70352.0
0.34,0.65,0.35,0.67,1770422629534,70352.0
0.34,0.65,0.35,0.66,1770422629545,70352.0
0.33,0.65,0.35,0.66,1770422629821,70352.0
0.33,0.65,0.35,0.67,1770422629860,70352.0
0.33,0.65,0.34,0.67,1770422629861,70352.0
0.33,0.66,0.34,0.67,1770422629862,70352.0
0.32,0.66,0.34,0.67,1770422631186,70352.0
0.32,0.66,0.34,0.68,1770422631203,70352.0
0.32,0.67,0.34,0.68,1770422631210,70352.0
0.32,0.67,0.33,0.68,1770422631217,70352.0
0.31,0.67,0.33,0.68,1770422631265,70323.97
0.31,0.67,0.33,0.69,1770422631279,70323.97
0.31,0.68,0.33,0.69,1770422632436,70319.25
0.31,0.68,0.32,0.69,1770422632444,70319.25
0.3,0.68,0.32,0.69,1770422632488,70319.25
0.3,0.68,0.32,0.7,1770422632489,70319.25
0.3,0.69,0.32,0.7,1770422632506,70319.25
0.3,0.69,0.31,0.7,1770422632507,70319.25
0.29,0.69,0.31,0.7,1770422633113,70319.25
0.29,0.69,0.31,0.71,1770422633114,70319.25
0.29,0.7,0.31,0.71,1770422633126,70319.25
0.29,0.7,0.3,0.71,1770422633127,70319.25
0.29,0.69,0.3,0.71,1770422633438,70268.07
0.29,0.69,0.31,0.71,1770422633440,70268.07
0.3,0.69,0.31,0.71,1770422633465,70268.07
0.3,0.69,0.31,0.7,1770422633470,70268.07
0.29,0.69,0.31,0.7,1770422633614,70268.07
0.3,0.69,0.31,0.71,1770422633620,70268.07
0.3,0.69,0.31,0.7,1770422633624,70268.07
0.3,0.68,0.31,0.7,1770422635806,70293.02
0.3,0.68,0.32,0.7,1770422635811,70293.02
0.31,0.68,0.32,0.7,1770422635840,70293.02
0.31,0.68,0.32,0.69,1770422635844,70293.02
0.3,0.68,0.32,0.69,1770422638503,70292.28
0.3,0.69,0.32,0.7,1770422638507,70292.28
0.3,0.69,0.31,0.7,1770422638508,70292.28
0.29,0.69,0.31,0.7,1770422639168,70292.28
0.29,0.69,0.31,0.71,1770422639170,70292.28
0.29,0.69,0.3,0.71,1770422639198,70292.28
0.29,0.7,0.3,0.71,1770422639199,70292.28
0.28,0.7,0.3,0.71,1770422639606,70276.92
0.28,0.7,0.3,0.72,1770422639629,70276.92
0.29,0.7,0.3,0.72,1770422639664,70276.92
0.29,0.7,0.3,0.71,1770422639665,70276.92
0.29,0.69,0.3,0.71,1770422641032,70276.91
0.29,0.69,0.31,0.71,1770422641052,70276.91
0.3,0.69,0.31,0.71,1770422641055,70276.91
0.3,0.69,0.31,0.7,1770422641063,70276.91
0.3,0.7,0.31,0.71,1770422651662,70309.75
0.29,0.7,0.3,0.71,1770422651663,70309.75
0.29,0.69,0.3,0.71,1770422651759,70309.75
0.29,0.69,0.31,0.71,1770422651779,70309.75
0.3,0.69,0.31,0.71,1770422651793,70309.75
0.3,0.69,0.31,0.7,1770422651806,70309.75
0.3,0.7,0.31,0.71,1770422651887,70309.75
0.29,0.7,0.3,0.71,1770422651888,70309.75
0.29,0.69,0.3,0.71,1770422652005,70309.75
0.29,0.69,0.31,0.71,1770422652031,70309.75
0.3,0.69,0.31,0.71,1770422652044,70309.75
0.3,0.69,0.31,0.7,1770422652051,70309.75
0.29,0.69,0.31,0.7,1770422652095,70309.75
0.29,0.69,0.31,0.71,1770422652096,70309.75
0.29,0.69,0.3,0.71,1770422652773,70294.06
0.29,0.7,0.3,0.71,1770422652774,70294.06
0.29,0.7,0.31,0.71,1770422652964,70294.06
0.29,0.69,0.31,0.71,1770422652965,70294.06
0.29,0.7,0.31,0.71,1770422653316,70285.92
0.29,0.7,0.3,0.71,1770422653317,70285.92
0.28,0.7,0.3,0.71,1770422655826,70285.93
0.29,0.7,0.3,0.72,1770422655858,70285.93
0.29,0.7,0.3,0.71,1770422655859,70285.93
0.28,0.7,0.3,0.71,1770422655896,70285.93
0.28,0.7,0.3,0.72,1770422655907,70285.93
0.28,0.71,0.3,0.72,1770422656070,70285.93
0.28,0.71,0.29,0.72,1770422656071,70285.93
0.28,0.7,0.29,0.72,1770422657389,70280.16
0.28,0.7,0.3,0.72,1770422657402,70280.16
0.29,0.7,0.3,0.72,1770422657419,70280.16
0.29,0.7,0.3,0.71,1770422657420,70280.16
0.3,0.7,0.31,0.71,1770422674419,70292.28
0.3,0.69,0.31,0.7,1770422674420,70292.28
0.3,0.69,0.32,0.7,1770422675406,70294.06
0.3,0.68,0.32,0.7,1770422675411,70294.06
0.31,0.68,0.32,0.7,1770422675440,70294.06
0.31,0.68,0.32,0.69,1770422675447,70294.06
0.3,0.68,0.32,0.69,1770422675475,70294.06
0.3,0.68,0.32,0.7,1770422675476,70294.06
0.31,0.68,0.32,0.7,1770422675639,70294.06
0.31,0.68,0.32,0.69,1770422675688,70294.06
0.3,0.68,0.32,0.69,1770422675743,70294.06
0.3,0.68,0.32,0.7,1770422675744,70294.06
0.3,0.69,0.32,0.7,1770422676624,70310.46
0.3,0.69,0.31,0.7,1770422676657,70310.46
0.31,0.69,0.33,0.7,1770422682120,70313.98
0.31,0.67,0.33,0.69,1770422682145,70313.98
0.32,0.67,0.33,0.69,1770422682155,70313.98
0.32,0.67,0.33,0.68,1770422682156,70313.98
0.32,0.66,0.33,0.67,1770422685346,70342.51
0.33,0.66,0.34,0.67,1770422685347,70342.51
0.33,0.67,0.34,0.68,1770422687025,70342.51
0.32,0.67,0.33,0.68,1770422687028,70342.51
0.31,0.67,0.33,0.68,1770422688220,70312.58
0.31,0.67,0.33,0.69,1770422688240,70312.58
0.31,0.67,0.32,0.69,1770422688254,70310.49
0.31,0.68,0.32,0.69,1770422688258,70310.49
0.3,0.68,0.32,0.69,1770422688750,70310.49
0.3,0.68,0.32,0.7,1770422688751,70310.49
0.31,0.68,0.32,0.7,1770422688808,70310.49
0.31,0.68,0.32,0.69,1770422688814,70310.49
0.31,0.69,0.32,0.7,1770422692898,70305.37
0.3,0.69,0.31,0.7,1770422692899,70305.37
0.29,0.69,0.31,0.7,1770422695500,70277.1
0.29,0.69,0.31,0.71,1770422695501,70277.1
0.29,0.7,0.31,0.71,1770422695540,70277.1
0.29,0.7,0.3,0.71,1770422695552,70277.1
0.28,0.7,0.3,0.71,1770422697608,70275.69
0.28,0.7,0.3,0.72,1770422697609,70275.69
0.28,0.71,0.3,0.72,1770422697648,70275.69
0.28,0.71,0.29,0.72,1770422697650,70275.69
0.27,0.71,0.29,0.72,1770422698561,70258.83
0.27,0.71,0.29,0.73,1770422698562,70258.83
0.28,0.71,0.29,0.73,1770422698743,70258.83
0.28,0.71,0.29,0.72,1770422698764,70258.83
0.27,0.71,0.29,0.72,1770422699895,70258.01
0.27,0.71,0.29,0.73,1770422699901,70258.01
0.27,0.72,0.29,0.73,1770422700488,70257.2
0.27,0.72,0.28,0.73,1770422700489,70257.2
0.26,0.72,0.28,0.73,1770422701412,70246.38
0.26,0.72,0.28,0.74,1770422701413,70246.38
0.26,0.73,0.28,0.74,1770422701664,70246.38
0.26,0.73,0.27,0.74,1770422701665,70246.38
0.26,0.72,0.27,0.74,1770422702676,70246.01
0.26,0.72,0.28,0.74,1770422702677,70246.01
0.27,0.72,0.28,0.74,1770422702720,70246.01
0.27,0.72,0.28,0.73,1770422702721,70246.01
0.26,0.72,0.28,0.73,1770422703629,70256.78
0.26,0.72,0.28,0.74,1770422703632,70256.78
0.26,0.73,0.28,0.74,1770422704133,70256.78
0.26,0.73,0.27,0.74,1770422704134,70256.78
0.26,0.74,0.27,0.75,1770422709467,70229.2
0.25,0.74,0.26,0.75,1770422709468,70229.2
0.24,0.74,0.26,0.75,1770422718868,70225.76
0.24,0.74,0.26,0.76,1770422718892,70225.76
0.24,0.75,0.26,0.76,1770422719454,70218.0
0.24,0.75,0.25,0.76,1770422719467,70218.0
0.23,0.75,0.25,0.76,1770422720089,70218.0
0.23,0.75,0.25,0.77,1770422720090,70218.0
0.24,0.75,0.25,0.77,1770422720190,70218.0
0.24,0.75,0.25,0.76,1770422720204,70218.0
0.24,0.74,0.25,0.76,1770422721030,70198.01
0.24,0.74,0.26,0.76,1770422721032,70198.01
0.25,0.74,0.26,0.76,1770422721063,70198.01
0.25,0.74,0.26,0.75,1770422721072,70198.01
0.25,0.73,0.26,0.75,1770422721075,70198.01
0.25,0.73,0.27,0.75,1770422721079,70198.01
0.25,0.74,0.27,0.75,1770422721151,70198.01
0.25,0.74,0.26,0.75,1770422721152,70198.01
0.25,0.73,0.26,0.75,1770422723811,70227.53
0.25,0.73,0.27,0.75,1770422723812,70227.53
0.26,0.73,0.27,0.75,1770422723835,70227.53
0.26,0.73,0.27,0.74,1770422723836,70227.53
0.25,0.73,0.27,0.74,1770422727039,70233.3
0.25,0.73,0.27,0.75,1770422727074,70233.3
0.25,0.74,0.27,0.75,1770422727399,70233.29
0.25,0.74,0.26,0.75,1770422727409,70233.29
0.24,0.74,0.26,0.75,1770422731185,70227.54
0.24,0.74,0.26,0.76,1770422731205,70227.54
0.25,0.74,0.26,0.76,1770422731343,70219.88
0.24,0.74,0.26,0.75,1770422731366,70219.88
0.24,0.74,0.26,0.76,1770422731367,70219.88
0.24,0.75,0.26,0.76,1770422731935,70219.88
0.24,0.75,0.25,0.76,1770422731954,70219.88
0.23,0.75,0.25,0.76,1770422733767,70206.56
0.23,0.75,0.25,0.77,1770422733792,70206.56
0.23,0.76,0.25,0.77,1770422734031,70206.56
0.23,0.76,0.24,0.77,1770422734039,70206.56
0.23,0.74,0.24,0.77,1770422743102,70192.19
0.23,0.74,0.26,0.77,1770422743103,70192.19
0.24,0.74,0.26,0.77,1770422743129,70192.19
0.24,0.74,0.26,0.76,1770422743136,70192.19
0.25,0.74,0.26,0.76,1770422743505,70209.73
0.25,0.74,0.26,0.75,1770422743506,70209.73
0.24,0.74,0.26,0.75,1770422744229,70214.0
0.24,0.74,0.26,0.76,1770422744249,70214.0
0.24,0.74,0.25,0.76,1770422744256,70214.0
0.24,0.75,0.25,0.76,1770422744260,70214.0
0.24,0.75,0.26,0.76,1770422744280,70214.0
0.24,0.74,0.26,0.76,1770422744281,70214.0
0.25,0.74,0.26,0.76,1770422744903,70214.0
0.25,0.74,0.26,0.75,1770422744909,70214.0
0.24,0.74,0.26,0.75,1770422745703,70214.0
0.24,0.74,0.26,0.76,1770422745704,70214.0
0.25,0.74,0.26,0.76,1770422745953,70214.0
0.25,0.74,0.26,0.75,1770422745956,70214.0
0.24,0.74,0.26,0.75,1770422746453,70219.33
0.24,0.74,0.26,0.76,1770422746461,70219.33
0.25,0.74,0.26,0.76,1770422746702,70219.33
0.25,0.74,0.26,0.75,1770422746703,70219.33
0.24,0.74,0.26,0.75,1770422747202,70219.33
0.24,0.74,0.26,0.76,1770422747203,70219.33
0.24,0.74,0.25,0.76,1770422748912,70219.34
0.24,0.75,0.25,0.76,1770422748913,70219.34
0.24,0.74,0.25,0.76,1770422750497,70215.06
0.24,0.74,0.26,0.76,1770422750502,70215.06
0.25,0.74,0.26,0.76,1770422750803,70215.06
0.25,0.74,0.26,0.75,1770422750805,70215.06
0.24,0.74,0.26,0.75,1770422750855,70215.06
0.24,0.74,0.26,0.76,1770422750856,70215.06
0.24,0.74,0.25,0.76,1770422750991,70215.06
0.24,0.75,0.25,0.76,1770422751003,70215.06
0.24,0.75,0.26,0.76,1770422751315,70215.06
0.24,0.74,0.26,0.76,1770422751325,70215.06
0.25,0.74,0.26,0.76,1770422751527,70215.06
0.25,0.74,0.26,0.75,1770422751534,70215.06
0.24,0.74,0.26,0.75,1770422753518,70214.0
0.24,0.74,0.26,0.76,1770422753519,70214.0
0.24,0.75,0.26,0.76,1770422753539,70214.0
0.24,0.75,0.25,0.76,1770422753540,70214.0
0.23,0.75,0.25,0.76,1770422753948,70214.0
0.23,0.75,0.25,0.77,1770422753954,70214.0
0.23,0.75,0.24,0.77,1770422754097,70214.0
0.23,0.76,0.24,0.77,1770422754098,70214.0
0.22,0.76,0.24,0.77,1770422758098,70187.05
0.22,0.76,0.24,0.78,1770422758099,70187.05
0.23,0.76,0.24,0.78,1770422758330,70187.02
0.23,0.76,0.24,0.77,1770422758333,70187.02
0.22,0.76,0.24,0.77,1770422760571,70176.06
0.22,0.76,0.24,0.78,1770422760587,70176.06
0.22,0.77,0.24,0.78,1770422760596,70176.06
0.22,0.77,0.23,0.78,1770422760597,70176.06
0.22,0.77,0.23,0.79,1770422761178,70176.06
0.22,0.77,0.23,0.78,1770422761179,70176.06
0.21,0.77,0.23,0.78,1770422761545,70168.77
0.21,0.77,0.23,0.79,1770422761567,70168.77
0.22,0.77,0.23,0.79,1770422761623,70168.77
0.22,0.77,0.23,0.78,1770422761624,70168.77
0.21,0.77,0.23,0.78,1770422761671,70168.77
0.21,0.77,0.23,0.79,1770422761691,70168.77
0.21,0.77,0.23,0.78,1770422762286,70168.76
0.22,0.77,0.23,0.78,1770422762292,70168.76
0.21,0.77,0.23,0.78,1770422762997,70168.76
0.21,0.77,0.23,0.79,1770422763014,70168.76
0.21,0.77,0.22,0.79,1770422763030,70168.76
0.21,0.78,0.22,0.79,1770422763036,70168.76
0.21,0.78,0.23,0.79,1770422763532,70165.25
0.21,0.77,0.23,0.79,1770422763547,70165.25
0.21,0.78,0.23,0.79,1770422763576,70165.25
0.21,0.78,0.22,0.79,1770422763577,70165.25
0.21,0.77,0.22,0.79,1770422774076,70170.15
0.21,0.77,0.23,0.79,1770422774077,70170.15
0.22,0.77,0.23,0.79,1770422774103,70170.15
0.22,0.77,0.23,0.78,1770422774108,70170.15
0.22,0.77,0.23,0.79,1770422774487,70177.83
0.21,0.77,0.23,0.79,1770422774498,70177.83
0.21,0.77,0.22,0.79,1770422774632,70177.83
0.21,0.78,0.22,0.79,1770422774634,70177.83
0.21,0.78,0.22,0.8,1770422778492,70142.85
0.2,0.78,0.22,0.8,1770422778493,70142.85
0.2,0.79,0.22,0.8,1770422778497,70142.85
0.2,0.79,0.21,0.8,1770422778518,70142.85
0.2,0.78,0.21,0.8,1770422781169,70142.85
0.2,0.78,0.22,0.8,1770422781172,70142.85
0.2,0.78,0.22,0.79,1770422781212,70142.85
0.21,0.78,0.22,0.79,1770422781213,70142.85
0.21,0.78,0.22,0.8,1770422781244,70142.85
0.2,0.78,0.22,0.8,1770422781246,70142.85
0.21,0.78,0.22,0.8,1770422781296,70148.52
0.21,0.78,0.22,0.79,1770422781307,70148.52
0.2,0.78,0.22,0.79,1770422781668,70148.52
0.2,0.78,0.22,0.8,1770422781669,70148.52
0.2,0.78,0.21,0.8,1770422781698,70148.52
0.2,0.79,0.21,0.8,1770422781700,70148.52
0.2,0.79,0.21,0.81,1770422786514,70121.0
0.19,0.79,0.21,0.81,1770422786515,70121.0
0.19,0.79,0.2,0.81,1770422786579,70121.0
0.19,0.8,0.2,0.81,1770422786587,70121.0
0.19,0.81,0.2,0.82,1770422792556,70089.89
0.18,0.81,0.19,0.82,1770422792567,70089.89
0.18,0.81,0.2,0.82,1770422792630,70089.89
0.18,0.8,0.2,0.82,1770422792638,70089.89
0.19,0.8,0.2,0.82,1770422793333,70103.03
0.19,0.8,0.2,0.81,1770422793334,70103.03
0.18,0.8,0.2,0.81,1770422794770,70103.88
0.18,0.8,0.2,0.82,1770422794776,70103.88
0.18,0.81,0.2,0.82,1770422794795,70103.88
0.18,0.81,0.19,0.82,1770422794801,70103.88
0.17,0.81,0.19,0.82,1770422795676,70089.9
0.17,0.81,0.18,0.83,1770422795700,70089.9
0.17,0.82,0.18,0.83,1770422795702,70089.9
0.17,0.82,0.19,0.83,1770422795920,70089.9
0.17,0.81,0.19,0.83,1770422795943,70089.9
0.18,0.81,0.19,0.83,1770422796092,70089.9
0.18,0.81,0.19,0.82,1770422796108,70089.9
0.17,0.81,0.19,0.82,1770422798976,70089.72
0.17,0.81,0.18,0.83,1770422799002,70089.72
0.17,0.82,0.18,0.83,1770422799005,70089.72
0.17,0.83,0.18,0.84,1770422800060,70072.4
0.16,0.83,0.17,0.84,1770422800061,70072.4
0.15,0.83,0.17,0.84,1770422803949,70066.77
0.15,0.83,0.17,0.85,1770422803951,70066.77
0.15,0.84,0.17,0.85,1770422803973,70066.77
0.15,0.84,0.16,0.85,1770422803974,70066.77
0.15,0.84,0.17,0.85,1770422804235,70016.54
0.15,0.83,0.17,0.85,1770422804243,70016.54
0.15,0.84,0.17,0.85,1770422804322,70016.54
0.15,0.84,0.16,0.85,1770422804329,70016.54
0.15,0.83,0.16,0.85,1770422804372,70016.54
0.15,0.83,0.17,0.85,1770422804397,70016.54
0.15,0.83,0.16,0.85,1770422804489,70016.54
0.15,0.84,0.16,0.85,1770422804491,70016.54
0.14,0.84,0.16,0.85,1770422804498,70016.54
0.14,0.84,0.16,0.86,1770422804500,70016.54
0.15,0.84,0.16,0.86,1770422804501,70016.54
0.15,0.84,0.16,0.85,1770422804502,70016.54
0.15,0.84,0.17,0.85,1770422804660,70016.54
0.15,0.83,0.17,0.85,1770422804666,70016.54
0.16,0.83,0.17,0.85,1770422804715,70016.54
0.16,0.83,0.17,0.84,1770422804717,70016.54
0.15,0.83,0.17,0.84,1770422804741,70016.54
0.16,0.83,0.17,0.85,1770422804742,70016.54
0.16,0.83,0.17,0.84,1770422804745,70016.54
0.16,0.83,0.18,0.84,1770422805214,70076.38
0.16,0.82,0.18,0.84,1770422805215,70076.38
0.17,0.82,0.18,0.84,1770422805222,70076.38
0.17,0.82,0.18,0.83,1770422805237,70076.38
0.17,0.81,0.18,0.83,1770422805304,70076.38
0.17,0.81,0.19,0.83,1770422805305,70076.38
0.17,0.82,0.19,0.83,1770422805347,70076.38
0.17,0.82,0.18,0.83,1770422805350,70076.38
0.17,0.81,0.18,0.83,1770422805725,70076.38
0.17,0.81,0.19,0.83,1770422805727,70076.38
0.18,0.81,0.19,0.83,1770422805753,70076.38
0.18,0.81,0.19,0.82,1770422805754,70076.38
0.18,0.8,0.19,0.82,1770422805814,70076.38
0.18,0.8,0.2,0.82,1770422805819,70076.38
0.19,0.8,0.2,0.82,1770422805835,70076.38
0.19,0.8,0.2,0.81,1770422805836,70076.38
0.19,0.8,0.22,0.81,1770422806326,70141.67
0.19,0.78,0.22,0.81,1770422806327,70141.67
0.2,0.78,0.22,0.81,1770422806328,70141.67
0.2,0.78,0.22,0.8,1770422806330,70141.67
0.2,0.79,0.22,0.8,1770422806455,70141.67
0.2,0.79,0.21,0.8,1770422806458,70141.67
0.2,0.78,0.21,0.8,1770422806755,70141.67
0.2,0.78,0.22,0.8,1770422806761,70141.67
0.21,0.78,0.22,0.8,1770422806804,70141.67
0.21,0.78,0.22,0.79,1770422806819,70141.67
0.2,0.78,0.22,0.79,1770422807060,70141.67
0.2,0.78,0.22,0.8,1770422807070,70141.67
0.21,0.78,0.22,0.8,1770422807120,70141.67
0.21,0.78,0.22,0.79,1770422807127,70141.67
0.2,0.78,0.22,0.79,1770422807538,70158.82
0.2,0.78,0.22,0.8,1770422807548,70158.82
0.2,0.79,0.22,0.8,1770422808160,70158.82
0.2,0.79,0.21,0.8,1770422808161,70158.82
0.19,0.79,0.21,0.8,1770422808531,70150.15
0.19,0.79,0.21,0.81,1770422808533,70150.15
0.19,0.8,0.21,0.81,1770422808564,70150.15
0.19,0.8,0.2,0.81,1770422808565,70150.15
0.18,0.8,0.2,0.81,1770422808767,70150.15
0.18,0.8,0.2,0.82,1770422808774,70150.15
0.18,0.81,0.2,0.82,1770422808802,70150.15
0.18,0.81,0.19,0.82,1770422808803,70150.15
0.18,0.81,0.2,0.82,1770422809413,70110.08
0.18,0.8,0.2,0.82,1770422809420,70110.08
0.18,0.81,0.2,0.82,1770422809850,70110.08
0.18,0.81,0.19,0.82,1770422809852,70110.08
0.17,0.81,0.19,0.82,1770422810092,70110.08
0.17,0.81,0.19,0.83,1770422810093,70110.08
0.17,0.81,0.18,0.83,1770422811247,70087.33
0.17,0.82,0.18,0.83,1770422811266,70087.33
0.16,0.82,0.18,0.83,1770422811474,70082.71
0.16,0.82,0.18,0.84,1770422811475,70082.71
0.17,0.82,0.18,0.84,1770422811542,70082.71
0.17,0.82,0.18,0.83,1770422811545,70082.71
0.16,0.82,0.18,0.83,1770422811645,70082.71
0.16,0.82,0.18,0.84,1770422811649,70082.71
0.17,0.82,0.18,0.84,1770422812008,70082.71
0.17,0.82,0.18,0.83,1770422812009,70082.71
0.17,0.82,0.19,0.83,1770422812432,70082.69
0.17,0.81,0.19,0.83,1770422812433,70082.69
0.18,0.81,0.19,0.83,1770422812925,70082.69
0.18,0.81,0.19,0.82,1770422812949,70082.69
0.17,0.81,0.19,0.82,1770422813180,70082.69
0.17,0.81,0.19,0.83,1770422813186,70082.69
0.17,0.82,0.19,0.83,1770422813646,70084.0
0.17,0.82,0.18,0.83,1770422813649,70084.0
0.17,0.81,0.18,0.83,1770422814308,70083.99
0.17,0.81,0.19,0.83,1770422814326,70083.99
0.18,0.81,0.19,0.83,1770422814344,70083.99
0.18,0.81,0.19,0.82,1770422814355,70083.99
0.18,0.8,0.19,0.82,1770422816093,70099.99
0.18,0.8,0.2,0.82,1770422816106,70099.99
0.19,0.8,0.2,0.82,1770422816131,70099.99
0.19,0.8,0.2,0.81,1770422816133,70099.99
0.18,0.8,0.2,0.81,1770422817638,70112.94
0.18,0.8,0.2,0.82,1770422817640,70112.94
0.18,0.81,0.2,0.82,1770422817697,70112.94
0.18,0.81,0.19,0.82,1770422817703,70112.94
0.17,0.81,0.19,0.82,1770422819584,70089.02
0.17,0.81,0.19,0.83,1770422819589,70089.02
0.17,0.82,0.19,0.83,1770422819612,70089.02
0.17,0.82,0.18,0.83,1770422819613,70089.02
0.17,0.81,0.18,0.83,1770422820836,70073.4
0.17,0.81,0.19,0.83,1770422820837,70073.4
0.18,0.81,0.19,0.83,1770422820990,70073.4
0.18,0.81,0.19,0.82,1770422820993,70073.4
0.17,0.81,0.19,0.82,1770422821516,70082.43
0.17,0.81,0.19,0.83,1770422821517,70082.43
0.17,0.81,0.19,0.82,1770422821675,70082.43
0.18,0.81,0.19,0.82,1770422821676,70082.43
0.18,0.8,0.19,0.82,1770422822459,70112.02
0.18,0.8,0.2,0.82,1770422822460,70112.02
0.19,0.8,0.2,0.81,1770422822461,70112.02
0.19,0.79,0.2,0.81,1770422822464,70112.02
0.19,0.79,0.21,0.81,1770422822465,70112.02
0.19,0.79,0.21,0.8,1770422822515,70112.02
0.2,0.79,0.21,0.8,1770422822518,70112.02
0.2,0.78,0.21,0.8,1770422828707,70152.0
0.2,0.78,0.22,0.8,1770422828725,70152.0
0.21,0.78,0.22,0.8,1770422828733,70152.0
0.21,0.78,0.22,0.79,1770422828734,70152.0
0.21,0.77,0.22,0.79,1770422829246,70182.19
0.21,0.77,0.23,0.79,1770422829248,70182.19
0.21,0.77,0.23,0.78,1770422829297,70182.19
0.22,0.77,0.23,0.78,1770422829300,70182.19
0.23,0.77,0.24,0.78,1770422832649,70208.67
0.23,0.76,0.24,0.77,1770422832671,70208.67
0.23,0.75,0.24,0.77,1770422832720,70208.67
0.23,0.75,0.25,0.77,1770422832721,70208.67
0.24,0.75,0.25,0.77,1770422832764,70208.67
0.24,0.75,0.25,0.76,1770422832765,70208.67
0.24,0.74,0.25,0.76,1770422833736,70218.67
0.24,0.74,0.26,0.76,1770422833738,70218.67
0.25,0.74,0.26,0.76,1770422833772,70218.67
0.25,0.74,0.26,0.75,1770422833782,70218.67
0.24,0.74,0.26,0.75,1770422833950,70218.67
0.24,0.74,0.26,0.76,1770422833951,70218.67
0.25,0.74,0.26,0.76,1770422833952,70218.67
0.25,0.74,0.26,0.75,1770422833957,70218.67
0.24,0.74,0.26,0.75,1770422834488,70230.3
0.24,0.74,0.26,0.76,1770422834490,70230.3
0.24,0.75,0.26,0.76,1770422834514,70230.3
0.24,0.75,0.25,0.76,1770422834516,70230.3
0.23,0.75,0.25,0.76,1770422835206,70230.3
0.23,0.75,0.25,0.77,1770422835216,70230.3
0.24,0.75,0.25,0.77,1770422835233,70220.0
0.24,0.75,0.25,0.76,1770422835235,70220.0
0.23,0.75,0.25,0.76,1770422835257,70220.0
0.23,0.75,0.25,0.77,1770422835258,70220.0
0.23,0.76,0.25,0.77,1770422836032,70220.0
0.23,0.76,0.24,0.77,1770422836034,70220.0
0.23,0.75,0.24,0.77,1770422837973,70202.01
0.23,0.75,0.25,0.77,1770422837975,70202.01
0.24,0.75,0.25,0.77,1770422838008,70202.01
0.24,0.75,0.25,0.76,1770422838023,70202.01
0.24,0.74,0.25,0.75,1770422841413,70238.87
0.25,0.74,0.26,0.75,1770422841434,70238.87
0.25,0.74,0.27,0.75,1770422841970,70238.87
0.25,0.73,0.27,0.75,1770422841972,70238.87
0.26,0.73,0.27,0.75,1770422841994,70238.87
0.26,0.73,0.27,0.74,1770422841995,70238.87
0.26,0.74,0.27,0.75,1770422844624,70250.39
0.25,0.74,0.26,0.75,1770422844625,70250.39
0.25,0.74,0.27,0.75,1770422848757,70238.01
0.25,0.73,0.27,0.75,1770422848760,70238.01
0.26,0.73,0.27,0.75,1770422848842,70238.01
0.26,0.73,0.27,0.74,1770422848844,70238.01
0.25,0.73,0.27,0.74,1770422848998,70238.01
0.25,0.73,0.27,0.75,1770422848999,70238.01
0.25,0.74,0.27,0.75,1770422849022,70238.01
0.25,0.74,0.26,0.75,1770422849023,70238.01
0.24,0.74,0.26,0.75,1770422849515,70238.01
0.24,0.74,0.26,0.76,1770422849518,70238.01
0.24,0.75,0.26,0.76,1770422849541,70238.01
0.24,0.75,0.25,0.76,1770422849542,70238.01
0.24,0.75,0.26,0.76,1770422851321,70220.11
0.24,0.74,0.26,0.76,1770422851323,70220.11
0.25,0.74,0.26,0.76,1770422851351,70220.11
0.25,0.74,0.26,0.75,1770422851353,70220.11
0.24,0.74,0.26,0.75,1770422851649,70220.11
0.24,0.74,0.26,0.76,1770422851650,70220.11
0.25,0.74,0.26,0.76,1770422851652,70220.11
0.25,0.74,0.26,0.75,1770422851653,70220.11
0.25,0.75,0.26,0.76,1770422853215,70222.35
0.24,0.75,0.25,0.76,1770422853224,70222.35
0.24,0.76,0.25,0.77,1770422857667,70206.33
0.23,0.76,0.24,0.77,1770422857668,70206.33
0.23,0.75,0.24,0.77,1770422859535,70189.48
0.23,0.76,0.25,0.77,1770422859544,70189.48
0.23,0.76,0.24,0.77,1770422859545,70189.48
0.23,0.75,0.24,0.77,1770422859642,70189.48
0.23,0.75,0.25,0.77,1770422859643,70189.48
0.24,0.75,0.25,0.77,1770422859670,70189.48
0.24,0.75,0.25,0.76,1770422859672,70189.48
0.23,0.75,0.25,0.76,1770422860658,70196.0
0.23,0.75,0.25,0.77,1770422860659,70196.0
0.24,0.75,0.25,0.77,1770422860686,70196.0
0.24,0.75,0.25,0.76,1770422860687,70196.0
0.24,0.76,0.25,0.77,1770422863192,70196.0
0.23,0.76,0.24,0.77,1770422863202,70196.0
0.21,0.76,0.24,0.77,1770422865456,70134.46
0.21,0.76,0.24,0.79,1770422865457,70134.46
0.21,0.76,0.23,0.79,1770422865460,70134.46
0.21,0.77,0.23,0.79,1770422865461,70134.46
0.21,0.78,0.23,0.79,1770422865614,70134.46
0.21,0.78,0.22,0.79,1770422865623,70134.46
0.2,0.78,0.22,0.79,1770422866670,70130.99
0.2,0.78,0.22,0.8,1770422866680,70130.99
0.21,0.78,0.22,0.8,1770422866683,70130.99
0.21,0.78,0.22,0.79,1770422866687,70130.99
0.2,0.78,0.22,0.79,1770422866707,70130.99
0.2,0.78,0.22,0.8,1770422866708,70130.99
0.2,0.79,0.22,0.8,1770422866770,70130.99
0.2,0.79,0.21,0.8,1770422866776,70130.99
0.2,0.78,0.21,0.8,1770422869836,70133.42
0.2,0.78,0.22,0.8,1770422869837,70133.42
0.21,0.78,0.22,0.8,1770422869838,70133.42
0.21,0.78,0.22,0.79,1770422869847,70133.42
0.22,0.78,0.23,0.79,1770422871194,70150.25
0.22,0.77,0.23,0.78,1770422871207,70150.25
0.22,0.76,0.23,0.78,1770422872105,70165.01
0.22,0.76,0.24,0.78,1770422872106,70165.01
0.23,0.76,0.24,0.78,1770422872256,70165.01
0.23,0.76,0.24,0.77,1770422872274,70171.25
0.22,0.76,0.24,0.77,1770422873258,70174.85
0.22,0.76,0.24,0.78,1770422873266,70174.85
0.22,0.77,0.24,0.78,1770422873300,70174.85
0.22,0.77,0.23,0.78,1770422873318,70174.85
0.22,0.76,0.23,0.78,1770422874813,70167.08
0.22,0.76,0.24,0.78,1770422874814,70167.08
0.23,0.76,0.24,0.78,1770422874836,70167.08
0.23,0.76,0.24,0.77,1770422874837,70167.08
0.23,0.75,0.24,0.77,1770422879167,70203.74
0.23,0.75,0.25,0.77,1770422879171,70203.74
0.24,0.75,0.25,0.77,1770422879194,70203.74
0.24,0.75,0.25,0.76,1770422879199,70203.74
0.23,0.75,0.25,0.76,1770422883364,70218.69
0.23,0.75,0.25,0.77,1770422883365,70218.69
0.23,0.75,0.24,0.77,1770422883394,70218.69
0.23,0.76,0.24,0.77,1770422883396,70218.69
0.23,0.76,0.25,0.77,1770422883525,70218.69
0.23,0.75,0.25,0.77,1770422883526,70218.69
0.23,0.76,0.25,0.77,1770422883668,70218.69
0.23,0.76,0.24,0.77,1770422883670,70218.69
0.22,0.76,0.24,0.77,1770422883876,70218.69
0.22,0.76,0.24,0.78,1770422883882,70218.69
0.23,0.76,0.24,0.78,1770422885199,70189.52
0.23,0.76,0.24,0.77,1770422885200,70189.52
0.23,0.75,0.24,0.77,1770422886305,70204.28
0.23,0.75,0.25,0.77,1770422886328,70204.28
0.24,0.75,0.25,0.77,1770422886338,70204.28
0.24,0.75,0.25,0.76,1770422886339,70204.28
0.23,0.75,0.25,0.76,1770422887762,70204.27
0.23,0.75,0.25,0.77,1770422887763,70204.27
0.23,0.76,0.25,0.77,1770422887790,70204.27
0.23,0.76,0.24,0.77,1770422887793,70204.27
0.22,0.76,0.24,0.77,1770422887903,70204.27
0.22,0.76,0.24,0.78,1770422887905,70204.27
0.22,0.76,0.23,0.78,1770422887933,70204.27
0.22,0.77,0.23,0.78,1770422887944,70204.27
0.22,0.77,0.24,0.78,1770422887981,70204.27
0.22,0.76,0.24,0.78,1770422887984,70204.27
0.22,0.77,0.24,0.78,1770422888027,70204.27
0.22,0.77,0.23,0.78,1770422888049,70204.27
0.21,0.77,0.23,0.78,1770422888258,70204.27
0.21,0.77,0.23,0.79,1770422888259,70204.27
0.21,0.77,0.22,0.79,1770422888331,70167.18
0.21,0.78,0.22,0.79,1770422888341,70167.18
0.2,0.78,0.22,0.79,1770422888783,70167.18
0.2,0.78,0.22,0.8,1770422888786,70167.18
0.21,0.78,0.22,0.8,1770422888860,70167.18
0.21,0.78,0.22,0.79,1770422888861,70167.18
0.2,0.78,0.22,0.79,1770422888897,70167.18
0.2,0.78,0.22,0.8,1770422888898,70167.18
0.21,0.78,0.22,0.8,1770422888974,70167.18
0.21,0.78,0.22,0.79,1770422889005,70167.18
0.2,0.78,0.22,0.79,1770422889012,70167.18
0.2,0.78,0.22,0.8,1770422889013,70167.18
0.2,0.79,0.22,0.8,1770422889316,70135.13
0.2,0.79,0.21,0.8,1770422889323,70135.13
0.19,0.79,0.21,0.8,1770422891999,70137.0
0.19,0.79,0.21,0.81,1770422892003,70137.0
0.19,0.8,0.21,0.81,1770422892040,70137.0
0.19,0.8,0.2,0.81,1770422892041,70137.0
0.19,0.79,0.2,0.81,1770422892063,70137.0
0.19,0.79,0.21,0.81,1770422892068,70137.0
0.2,0.79,0.21,0.81,1770422892098,70137.0
0.2,0.79,0.21,0.8,1770422892099,70137.0
0.19,0.79,0.21,0.8,1770422892299,70122.08
0.19,0.79,0.21,0.81,1770422892301,70122.08
0.19,0.8,0.21,0.81,1770422892915,70122.08
0.19,0.8,0.2,0.81,1770422892922,70122.08
0.19,0.79,0.2,0.81,1770422895293,70118.15
0.19,0.79,0.21,0.81,1770422895294,70118.15
0.2,0.79,0.21,0.81,1770422895323,70118.15
0.2,0.79,0.21,0.8,1770422895324,70118.15
0.2,0.78,0.21,0.8,1770422896056,70118.15
0.2,0.78,0.22,0.8,1770422896078,70118.15
0.2,0.79,0.22,0.8,1770422897356,70135.78
0.2,0.79,0.21,0.8,1770422897360,70135.78
0.21,0.79,0.22,0.8,1770422900365,70140.37
0.21,0.78,0.22,0.79,1770422900366,70140.37
0.2,0.78,0.22,0.79,1770422900414,70140.37
0.2,0.78,0.22,0.8,1770422900420,70140.37
0.21,0.78,0.22,0.8,1770422900485,70140.37
0.21,0.78,0.22,0.79,1770422900494,70140.37
0.21,0.78,0.23,0.79,1770422903915,70140.35
0.21,0.77,0.23,0.79,1770422903916,70140.35
0.22,0.77,0.23,0.79,1770422904066,70140.35
0.22,0.77,0.23,0.78,1770422904067,70140.35
0.21,0.77,0.23,0.78,1770422904279,70150.0
0.21,0.77,0.23,0.79,1770422904280,70150.0
0.22,0.77,0.23,0.79,1770422904379,70150.0
0.22,0.77,0.23,0.78,1770422904382,70150.0
0.21,0.77,0.23,0.78,1770422904865,70150.0
0.21,0.77,0.23,0.79,1770422904872,70150.0
0.22,0.77,0.23,0.79,1770422905092,70150.0
0.22,0.77,0.23,0.78,1770422905097,70150.0
0.22,0.76,0.23,0.78,1770422905602,70167.18
0.22,0.76,0.24,0.78,1770422905603,70167.18
0.23,0.76,0.24,0.78,1770422905661,70167.18
0.23,0.76,0.24,0.77,1770422905664,70167.18
0.22,0.76,0.24,0.77,1770422905705,70167.18
0.22,0.76,0.24,0.78,1770422905759,70167.18
0.22,0.77,0.24,0.78,1770422905845,70167.18
0.22,0.77,0.23,0.78,1770422905868,70167.18
0.22,0.76,0.23,0.78,1770422906620,70180.56
0.22,0.76,0.24,0.78,1770422906644,70180.56
0.23,0.76,0.24,0.78,1770422906654,70180.56
0.23,0.76,0.24,0.77,1770422906655,70180.56
0.23,0.76,0.25,0.77,1770422909650,70206.0
0.23,0.75,0.25,0.77,1770422909651,70206.0
0.24,0.75,0.25,0.77,1770422909685,70206.0
0.24,0.75,0.25,0.76,1770422909687,70206.0
0.24,0.75,0.26,0.76,1770422910631,70198.85
0.24,0.74,0.26,0.76,1770422910633,70198.85
0.25,0.74,0.26,0.76,1770422910653,70198.85
0.25,0.74,0.26,0.75,1770422910655,70198.85
0.25,0.73,0.26,0.75,1770422911068,70198.85
0.25,0.73,0.27,0.75,1770422911069,70198.85
0.26,0.73,0.27,0.75,1770422911104,70198.85
0.26,0.73,0.27,0.74,1770422911118,70198.85
0.25,0.73,0.27,0.74,1770422911493,70235.38
0.25,0.73,0.27,0.75,1770422911494,70235.38
0.25,0.74,0.27,0.75,1770422911708,70235.38
0.25,0.74,0.26,0.75,1770422911709,70235.38
0.25,0.75,0.26,0.77,1770422915357,70180.01
0.23,0.75,0.25,0.77,1770422915359,70180.01
0.23,0.76,0.25,0.77,1770422915394,70180.01
0.23,0.76,0.24,0.77,1770422915395,70180.01
0.22,0.76,0.24,0.77,1770422918471,70165.95
0.22,0.76,0.24,0.78,1770422918500,70165.95
0.22,0.77,0.24,0.78,1770422918506,70165.95
0.22,0.77,0.23,0.78,1770422918515,70165.95
0.21,0.77,0.23,0.78,1770422919180,70165.95
0.21,0.77,0.23,0.79,1770422919181,70165.95
0.21,0.77,0.22,0.79,1770422919221,70165.95
0.21,0.78,0.22,0.79,1770422919228,70158.64
0.2,0.78,0.22,0.79,1770422922031,70140.35
0.2,0.78,0.22,0.8,1770422922037,70140.35
0.2,0.78,0.21,0.8,1770422922059,70140.35
0.2,0.79,0.21,0.8,1770422922064,70140.35
0.2,0.79,0.22,0.8,1770422925768,70109.34
0.2,0.78,0.22,0.8,1770422925769,70109.34
0.21,0.78,0.22,0.8,1770422925792,70109.34
0.21,0.78,0.22,0.79,1770422925793,70109.34
0.21,0.77,0.22,0.79,1770422926241,70161.74
0.22,0.77,0.23,0.79,1770422926254,70161.74
0.22,0.77,0.23,0.78,1770422926255,70161.74
0.22,0.77,0.24,0.78,1770422926739,70161.74
0.22,0.76,0.24,0.78,1770422926741,70161.74
0.23,0.76,0.24,0.78,1770422926779,70161.74
0.23,0.76,0.24,0.77,1770422926780,70161.74
0.23,0.75,0.24,0.77,1770422927036,70161.74
0.23,0.75,0.25,0.77,1770422927037,70161.74
0.24,0.75,0.25,0.77,1770422927113,70161.74
0.24,0.75,0.25,0.76,1770422927118,70161.74
0.23,0.75,0.25,0.76,1770422927249,70195.96
0.23,0.75,0.25,0.77,1770422927264,70195.96
0.23,0.76,0.25,0.77,1770422927274,70195.96
0.23,0.76,0.24,0.77,1770422927275,70195.96
0.23,0.75,0.24,0.77,1770422927793,70195.96
0.23,0.75,0.25,0.77,1770422927825,70195.96
0.24,0.75,0.25,0.77,1770422928238,70189.2
0.24,0.75,0.25,0.76,1770422928241,70189.2
0.24,0.74,0.25,0.76,1770422928570,70189.2
0.24,0.74,0.26,0.76,1770422928571,70189.2
0.25,0.74,0.26,0.76,1770422928618,70189.2
0.25,0.74,0.26,0.75,1770422928619,70189.2
0.24,0.74,0.26,0.75,1770422928881,70189.2
0.24,0.74,0.26,0.76,1770422928910,70189.2
0.24,0.75,0.26,0.76,1770422929007,70189.2
0.24,0.75,0.25,0.76,1770422929008,70189.2
0.23,0.75,0.25,0.76,1770422929621,70207.24
0.23,0.75,0.25,0.77,1770422929622,70207.24
0.23,0.76,0.25,0.77,1770422929786,70207.24
0.23,0.76,0.24,0.77,1770422929787,70207.24
0.23,0.75,0.24,0.77,1770422930569,70181.01
0.23,0.75,0.25,0.77,1770422930571,70181.01
0.23,0.76,0.25,0.77,1770422931218,70181.01
0.23,0.76,0.24,0.77,1770422931219,70181.01
0.22,0.76,0.24,0.77,1770422931512,70181.01
0.22,0.76,0.24,0.78,1770422931519,70181.01
0.22,0.77,0.24,0.78,1770422931630,70181.01
0.22,0.77,0.23,0.78,1770422931632,70181.01
0.21,0.77,0.23,0.78,1770422931739,70181.01
0.21,0.77,0.23,0.79,1770422931740,70181.01
0.22,0.77,0.23,0.79,1770422932167,70181.01
0.22,0.77,0.23,0.78,1770422932169,70181.01
0.22,0.76,0.23,0.78,1770422932469,70150.0
0.22,0.76,0.24,0.78,1770422932470,70150.0
0.22,0.77,0.24,0.78,1770422932909,70150.0
0.22,0.77,0.23,0.78,1770422932910,70150.0
0.21,0.77,0.23,0.78,1770422932956,70150.0
0.21,0.77,0.23,0.79,1770422932957,70150.0
0.22,0.77,0.23,0.79,1770422933075,70150.0
0.22,0.77,0.23,0.78,1770422933081,70150.0
0.22,0.77,0.24,0.78,1770422933129,70150.0
0.22,0.76,0.24,0.78,1770422933136,70150.0
0.23,0.76,0.24,0.78,1770422933748,70158.79
0.23,0.76,0.24,0.77,1770422933749,70158.79
0.22,0.76,0.24,0.77,1770422934636,70174.65
0.22,0.76,0.24,0.78,1770422934639,70174.65
0.22,0.77,0.24,0.78,1770422935172,70174.65
0.22,0.77,0.23,0.78,1770422935174,70174.65
0.22,0.76,0.23,0.78,1770422935837,70165.81
0.22,0.76,0.24,0.78,1770422935838,70165.81
0.23,0.76,0.24,0.78,1770422935864,70165.81
0.23,0.76,0.24,0.77,1770422935869,70165.81
0.23,0.75,0.24,0.77,1770422935926,70165.81
0.23,0.75,0.25,0.77,1770422935927,70165.81
0.23,0.76,0.25,0.77,1770422935934,70165.81
0.23,0.76,0.24,0.77,1770422935938,70165.81
0.23,0.75,0.24,0.77,1770422935961,70165.81
0.23,0.75,0.25,0.77,1770422935962,70165.81
0.23,0.76,0.25,0.77,1770422936123,70165.81
0.23,0.76,0.24,0.77,1770422936124,70165.81
0.23,0.75,0.24,0.77,1770422936508,70175.92
0.23,0.75,0.25,0.77,1770422936518,70175.92
0.24,0.75,0.25,0.77,1770422936602,70175.92
0.24,0.75,0.25,0.76,1770422936605,70175.92
0.23,0.75,0.25,0.76,1770422936681,70175.92
0.23,0.75,0.25,0.77,1770422936682,70175.92
0.24,0.75,0.25,0.77,1770422936741,70175.92
0.24,0.75,0.25,0.76,1770422936742,70175.92
0.23,0.75,0.25,0.76,1770422938503,70193.99
0.23,0.75,0.25,0.77,1770422938510,70193.99
0.23,0.76,0.25,0.77,1770422939129,70193.99
0.23,0.76,0.24,0.77,1770422939130,70193.99
0.23,0.75,0.24,0.77,1770422944971,70200.0
0.23,0.75,0.25,0.77,1770422944973,70200.0
0.24,0.75,0.25,0.77,1770422945007,70200.0
0.24,0.75,0.25,0.76,1770422945013,70200.0
0.23,0.75,0.25,0.76,1770422946275,70206.15
0.23,0.75,0.25,0.77,1770422946276,70206.15
0.23,0.76,0.25,0.77,1770422946288,70206.15
0.23,0.76,0.24,0.77,1770422946289,70206.15
0.22,0.76,0.24,0.77,1770422949313,70162.21
0.22,0.77,0.24,0.78,1770422949335,70162.21
0.22,0.77,0.23,0.78,1770422949341,70162.21
0.21,0.77,0.23,0.78,1770422950209,70162.21
0.21,0.77,0.23,0.79,1770422950211,70162.21
0.21,0.78,0.23,0.79,1770422950238,70162.21
0.21,0.78,0.22,0.79,1770422950241,70162.21
0.2,0.78,0.22,0.79,1770422954134,70138.01
0.2,0.78,0.22,0.8,1770422954135,70138.01
0.2,0.79,0.22,0.8,1770422954143,70138.01
0.2,0.79,0.21,0.8,1770422954144,70138.01
0.2,0.78,0.21,0.8,1770422958558,70124.0
0.2,0.78,0.22,0.8,1770422958559,70124.0
0.21,0.78,0.22,0.8,1770422958606,70124.0
0.21,0.78,0.22,0.79,1770422958609,70124.0
0.2,0.78,0.22,0.79,1770422958696,70124.0
0.2,0.78,0.22,0.8,1770422958714,70124.0
0.2,0.79,0.22,0.8,1770422958719,70124.0
0.2,0.79,0.21,0.8,1770422958720,70124.0
0.2,0.79,0.21,0.81,1770422959942,70124.0
0.19,0.79,0.21,0.81,1770422959943,70124.0
0.19,0.8,0.21,0.81,1770422959965,70124.0
0.19,0.8,0.2,0.81,1770422959966,70124.0
0.19,0.79,0.2,0.81,1770422960091,70124.0
0.19,0.79,0.21,0.81,1770422960096,70124.0
0.19,0.79,0.21,0.8,1770422960145,70124.0
0.2,0.79,0.21,0.8,1770422960151,70124.0
0.2,0.78,0.21,0.8,1770422961444,70117.5
0.2,0.78,0.22,0.8,1770422961450,70117.5
0.21,0.78,0.22,0.8,1770422961471,70117.5
0.21,0.78,0.22,0.79,1770422961474,70117.5
0.2,0.78,0.22,0.79,1770422963983,70144.96
0.2,0.78,0.22,0.8,1770422963996,70144.96
0.2,0.79,0.22,0.8,1770422964010,70144.96
0.2,0.79,0.21,0.8,1770422964019,70144.96
0.2,0.78,0.21,0.8,1770422964545,70131.11
0.2,0.78,0.22,0.8,1770422964548,70131.11
0.21,0.78,0.22,0.8,1770422965609,70131.11
0.21,0.78,0.22,0.79,1770422965612,70131.11
0.21,0.78,0.23,0.79,1770422967243,70140.75
0.21,0.77,0.23,0.79,1770422967246,70140.75
0.22,0.77,0.23,0.79,1770422967271,70140.75
0.22,0.77,0.23,0.78,1770422967280,70140.75
0.22,0.77,0.24,0.78,1770422970045,70150.0
0.22,0.76,0.24,0.78,1770422970064,70150.0
0.23,0.76,0.24,0.78,1770422970145,70150.0
0.23,0.76,0.24,0.77,1770422970180,70150.0
0.22,0.76,0.24,0.77,1770422970561,70164.74
0.22,0.76,0.24,0.78,1770422970562,70164.74
0.22,0.77,0.24,0.78,1770422970584,70164.74
0.22,0.77,0.23,0.78,1770422970585,70164.74
0.21,0.77,0.23,0.78,1770422971263,70155.99
0.21,0.77,0.23,0.79,1770422971264,70155.99
0.22,0.77,0.23,0.79,1770422971731,70155.99
0.22,0.77,0.23,0.78,1770422971752,70155.99
0.21,0.77,0.23,0.78,1770422971969,70155.99
0.21,0.77,0.23,0.79,1770422971970,70155.99
0.22,0.77,0.23,0.79,1770422972271,70155.99
0.22,0.77,0.23,0.78,1770422972288,70155.99
0.21,0.77,0.23,0.78,1770422972642,70151.04
0.21,0.77,0.23,0.79,1770422972644,70151.04
0.21,0.78,0.23,0.79,1770422972735,70151.04
0.21,0.78,0.22,0.79,1770422972736,70151.04
0.2,0.78,0.22,0.79,1770422975064,70140.0
0.2,0.78,0.22,0.8,1770422975065,70140.0
0.21,0.78,0.22,0.8,1770422976004,70131.02
0.21,0.78,0.22,0.79,1770422976028,70131.02
0.21,0.78,0.23,0.79,1770422977052,70131.02
0.21,0.77,0.23,0.79,1770422977065,70131.02
0.22,0.77,0.23,0.79,1770422977102,70131.02
0.22,0.77,0.23,0.78,1770422977105,70131.02
0.21,0.77,0.23,0.78,1770422977243,70149.34
0.21,0.77,0.23,0.79,1770422977248,70149.34
0.21,0.78,0.23,0.79,1770422978831,70149.34
0.21,0.78,0.22,0.79,1770422978832,70149.34
0.21,0.77,0.22,0.79,1770422980605,70141.26
0.21,0.77,0.23,0.79,1770422980627,70141.26
0.22,0.77,0.23,0.79,1770422980654,70141.26
0.22,0.77,0.23,0.78,1770422980655,70141.26
0.22,0.78,0.23,0.79,1770422987329,70142.0
0.21,0.78,0.22,0.79,1770422987339,70142.0
0.21,0.77,0.22,0.79,1770422987657,70142.0
0.21,0.77,0.23,0.79,1770422987679,70142.0
0.21,0.77,0.22,0.79,1770422988168,70142.0
0.21,0.78,0.22,0.79,1770422988170,70142.0
0.21,0.78,0.23,0.79,1770422988193,70142.0
0.21,0.77,0.23,0.79,1770422988195,70142.0
0.22,0.77,0.23,0.79,1770422988553,70142.0
0.22,0.77,0.23,0.78,1770422988564,70142.0
0.21,0.77,0.23,0.78,1770422988664,70142.0
0.21,0.77,0.23,0.79,1770422988667,70142.0
0.21,0.77,0.22,0.79,1770422988695,70142.0
0.21,0.78,0.22,0.79,1770422988702,70142.0
0.2,0.78,0.22,0.79,1770422992825,70130.68
0.2,0.78,0.22,0.8,1770422992826,70130.68
0.2,0.79,0.22,0.8,1770422992832,70130.68
0.2,0.79,0.21,0.8,1770422992835,70130.68
0.19,0.79,0.21,0.8,1770422992980,70130.68
0.19,0.79,0.21,0.81,1770422992982,70130.68
0.19,0.8,0.21,0.81,1770422992984,70130.68
0.19,0.8,0.2,0.81,1770422992985,70130.68
0.19,0.78,0.2,0.81,1770422994476,70101.57
0.19,0.78,0.22,0.81,1770422994477,70101.57
0.2,0.78,0.22,0.81,1770422994493,70101.57
0.2,0.78,0.22,0.8,1770422994494,70101.57
0.21,0.78,0.22,0.8,1770422994689,70101.57
0.21,0.78,0.22,0.79,1770422994690,70101.57
0.2,0.78,0.22,0.79,1770422995037,70101.57
0.2,0.78,0.22,0.8,1770422995049,70101.57
0.2,0.79,0.22,0.8,1770422995102,70101.57
0.2,0.79,0.21,0.8,1770422995103,70101.57
0.19,0.79,0.21,0.8,1770422995647,70122.39
0.19,0.79,0.21,0.81,1770422995648,70122.39
0.19,0.8,0.21,0.81,1770422995682,70122.39
0.19,0.8,0.2,0.81,1770422995685,70122.39
0.19,0.79,0.2,0.81,1770422996156,70122.39
0.19,0.79,0.21,0.81,1770422996161,70122.39
0.19,0.8,0.21,0.81,1770422996224,70122.39
0.19,0.8,0.2,0.81,1770422996225,70122.39
0.18,0.8,0.2,0.81,1770422999108,70097.35
0.18,0.8,0.2,0.82,1770422999140,70097.35
0.19,0.8,0.2,0.82,1770422999322,70082.7
0.19,0.8,0.2,0.81,1770422999367,70082.7
0.2,0.8,0.21,0.81,1770423000947,70094.6
0.2,0.79,0.21,0.8,1770423000948,70094.6
0.19,0.79,0.21,0.8,1770423000998,70094.6
0.19,0.79,0.21,0.81,1770423000999,70094.6
0.19,0.8,0.21,0.81,1770423001586,70105.56
0.19,0.8,0.2,0.81,1770423001588,70105.56
0.18,0.8,0.2,0.81,1770423002288,70086.88
0.18,0.8,0.2,0.82,1770423002291,70086.88
0.19,0.8,0.2,0.82,1770423002304,70086.88
0.19,0.8,0.2,0.81,1770423002307,70086.88
0.18,0.8,0.2,0.81,1770423003296,70086.89
0.18,0.8,0.2,0.82,1770423003297,70086.89
0.18,0.81,0.2,0.82,1770423003623,70086.89
0.18,0.81,0.19,0.82,1770423003646,70086.89
0.18,0.8,0.19,0.82,1770423008799,70085.49
0.19,0.8,0.2,0.82,1770423008807,70085.49
0.19,0.8,0.2,0.81,1770423008809,70085.49
0.19,0.79,0.2,0.81,1770423009399,70116.04
0.19,0.79,0.21,0.81,1770423009400,70116.04
0.2,0.79,0.21,0.81,1770423009420,70116.04
0.2,0.79,0.21,0.8,1770423009423,70116.04
0.2,0.78,0.21,0.8,1770423012892,70149.66
0.21,0.78,0.22,0.8,1770423012903,70149.66
0.21,0.78,0.22,0.79,1770423012909,70149.66
0.21,0.77,0.22,0.79,1770423012926,70149.66
0.21,0.77,0.23,0.79,1770423012927,70149.66
0.22,0.77,0.23,0.79,1770423012977,70149.66
0.22,0.77,0.23,0.78,1770423012983,70149.66
0.21,0.77,0.23,0.78,1770423020656,70165.32
0.21,0.77,0.23,0.79,1770423020678,70165.32
0.22,0.77,0.23,0.79,1770423021061,70165.32
0.22,0.77,0.23,0.78,1770423021062,70165.32
0.21,0.77,0.23,0.78,1770423028714,70155.05
0.21,0.77,0.23,0.79,1770423028735,70155.05
0.21,0.78,0.23,0.79,1770423028739,70155.05
0.21,0.78,0.22,0.79,1770423028740,70155.05
0.21,0.77,0.22,0.79,1770423029479,70150.0
0.21,0.77,0.23,0.79,1770423029480,70150.0
0.22,0.77,0.23,0.79,1770423029515,70150.0
0.22,0.77,0.23,0.78,1770423029523,70150.0
0.21,0.77,0.23,0.78,1770423030196,70150.0
0.21,0.77,0.23,0.79,1770423030209,70150.0
0.21,0.78,0.23,0.79,1770423030221,70150.0
0.21,0.78,0.22,0.79,1770423030224,70150.0
0.19,0.78,0.22,0.79,1770423033200,70140.36
0.19,0.78,0.22,0.81,1770423033201,70140.36
0.19,0.79,0.22,0.81,1770423033226,70140.36
0.19,0.79,0.21,0.81,1770423033227,70140.36
0.19,0.8,0.21,0.81,1770423033251,70118.98
0.19,0.8,0.2,0.81,1770423033253,70118.98
0.19,0.79,0.2,0.81,1770423034054,70118.98
0.19,0.79,0.21,0.81,1770423034075,70118.98
0.2,0.79,0.21,0.81,1770423034229,70118.98
0.2,0.79,0.21,0.8,1770423034234,70118.98
0.2,0.78,0.21,0.8,1770423035119,70118.97
0.2,0.78,0.22,0.8,1770423035120,70118.97
0.21,0.78,0.22,0.8,1770423035145,70118.97
0.21,0.78,0.22,0.79,1770423035146,70118.97
0.22,0.78,0.23,0.79,1770423044032,70162.0
0.22,0.77,0.23,0.78,1770423044140,70162.0
0.21,0.77,0.23,0.78,1770423044142,70162.0
0.21,0.77,0.23,0.79,1770423044143,70162.0
0.22,0.77,0.23,0.79,1770423044146,70162.0
0.22,0.77,0.23,0.78,1770423044147,70162.0
0.21,0.77,0.23,0.78,1770423044730,70169.14
0.21,0.77,0.23,0.79,1770423044745,70169.14
0.21,0.78,0.23,0.79,1770423045232,70169.14
0.21,0.78,0.22,0.79,1770423045235,70169.14
0.1,0.78,0.22,0.79,1770423051712,70147.05
0.1,0.78,0.22,0.9,1770423051713,70147.05
0.11,0.78,0.22,0.9,1770423051737,70147.05
0.11,0.78,0.22,0.89,1770423051742,70147.05
0.11,0.84,0.22,0.89,1770423051753,70147.05
0.13,0.84,0.16,0.87,1770423051755,70147.05
0.12,0.84,0.16,0.87,1770423051781,70147.05
0.13,0.84,0.16,0.88,1770423051784,70147.05
0.13,0.84,0.16,0.87,1770423051792,70147.05
0.12,0.84,0.16,0.87,1770423051824,70147.05
0.12,0.84,0.16,0.88,1770423051839,70147.05
0.12,0.85,0.16,0.88,1770423051874,70147.05
0.12,0.85,0.15,0.88,1770423051879,70147.05
0.12,0.86,0.15,0.88,1770423051905,70147.05
0.12,0.86,0.14,0.88,1770423051910,70147.05
0.13,0.86,0.14,0.88,1770423051981,70147.05
0.13,0.86,0.14,0.87,1770423051992,70147.05
0.13,0.85,0.14,0.87,1770423051993,70147.05
0.13,0.85,0.15,0.87,1770423052016,70147.05
0.13,0.84,0.15,0.87,1770423052248,70147.05
0.13,0.84,0.16,0.87,1770423052249,70147.05
0.12,0.84,0.16,0.87,1770423052278,70147.05
0.12,0.84,0.16,0.88,1770423052279,70147.05
0.12,0.82,0.16,0.88,1770423052288,70147.05
0.12,0.79,0.18,0.88,1770423052290,70147.05
0.14,0.79,0.21,0.88,1770423052291,70147.05
0.15,0.79,0.21,0.86,1770423052292,70147.05
0.15,0.79,0.21,0.85,1770423052321,70147.05
0.16,0.79,0.21,0.85,1770423052325,70147.05
0.16,0.79,0.21,0.84,1770423052328,70147.05
0.17,0.79,0.21,0.84,1770423052356,70147.05
0.19,0.79,0.21,0.83,1770423052357,70147.05
0.19,0.79,0.21,0.81,1770423052367,70147.05
0.19,0.8,0.21,0.81,1770423052384,70147.05
0.19,0.8,0.2,0.81,1770423052400,70147.05
0.18,0.8,0.2,0.81,1770423057354,70150.37
0.18,0.8,0.2,0.82,1770423057378,70150.37
0.18,0.81,0.2,0.82,1770423057392,70150.37
0.18,0.81,0.19,0.82,1770423057396,70150.37
0.19,0.81,0.2,0.82,1770423062396,70174.0
0.19,0.8,0.2,0.81,1770423062397,70174.0
0.19,0.78,0.2,0.81,1770423062430,70174.0
0.19,0.78,0.22,0.81,1770423062431,70174.0
0.2,0.78,0.22,0.81,1770423062455,70174.0
0.2,0.78,0.22,0.8,1770423062456,70174.0
0.2,0.79,0.22,0.8,1770423063071,70174.0
0.2,0.79,0.21,0.8,1770423063082,70174.0
0.2,0.78,0.21,0.8,1770423063286,70179.99
0.2,0.78,0.22,0.8,1770423063289,70179.99
0.2,0.79,0.22,0.8,1770423063439,70179.99
0.2,0.79,0.21,0.8,1770423063441,70179.99
0.19,0.79,0.21,0.8,1770423063704,70179.99
0.19,0.79,0.21,0.81,1770423063706,70179.99
0.19,0.8,0.21,0.81,1770423063751,70179.99
0.19,0.8,0.2,0.81,1770423063756,70179.99
0.19,0.79,0.2,0.81,1770423063901,70179.99
0.19,0.79,0.21,0.81,1770423063902,70179.99
0.19,0.8,0.21,0.81,1770423064054,70179.99
0.19,0.8,0.2,0.81,1770423064060,70179.99
0.18,0.8,0.2,0.81,1770423065255,70164.61
0.18,0.8,0.2,0.82,1770423065256,70164.61
0.18,0.81,0.2,0.82,1770423065306,70164.61
0.18,0.81,0.19,0.82,1770423065308,70164.61
0.18,0.8,0.19,0.82,1770423065336,70164.61
0.18,0.8,0.2,0.82,1770423065341,70164.61
0.18,0.81,0.2,0.82,1770423065693,70164.61
0.18,0.81,0.19,0.82,1770423065707,70164.61
0.18,0.8,0.19,0.82,1770423065784,70164.61
0.18,0.8,0.2,0.82,1770423065791,70164.61
0.18,0.81,0.2,0.82,1770423065805,70164.61
0.18,0.81,0.19,0.82,1770423065816,70164.61
0.18,0.8,0.19,0.82,1770423065823,70164.61
0.18,0.8,0.2,0.82,1770423065824,70164.61
0.19,0.8,0.2,0.82,1770423065925,70164.61
0.19,0.8,0.2,0.81,1770423065947,70164.61
0.18,0.8,0.2,0.81,1770423066021,70164.61
0.18,0.8,0.2,0.82,1770423066031,70164.61
0.19,0.8,0.2,0.82,1770423066167,70164.61
0.19,0.8,0.2,0.81,1770423066170,70164.61
0.18,0.8,0.2,0.81,1770423066282,70150.51
0.18,0.8,0.2,0.82,1770423066287,70150.51
0.18,0.81,0.2,0.82,1770423066554,70150.51
0.18,0.81,0.19,0.82,1770423066577,70150.51
0.18,0.8,0.19,0.82,1770423066960,70150.51
0.18,0.8,0.2,0.82,1770423066963,70150.51
0.19,0.8,0.2,0.82,1770423067004,70150.51
0.19,0.8,0.2,0.81,1770423067005,70150.51
0.19,0.79,0.2,0.81,1770423075988,70175.65
0.19,0.79,0.21,0.81,1770423076012,70175.65
0.2,0.79,0.21,0.81,1770423078300,70174.37
0.2,0.79,0.21,0.8,1770423078302,70174.37
0.2,0.79,0.22,0.8,1770423078829,70174.37
0.2,0.78,0.22,0.8,1770423078855,70174.37
0.21,0.78,0.22,0.8,1770423079869,70179.99
0.21,0.78,0.22,0.79,1770423079873,70179.99
0.2,0.78,0.22,0.79,1770423079958,70179.99
0.2,0.78,0.22,0.8,1770423079961,70179.99
0.21,0.78,0.22,0.8,1770423080017,70179.99
0.21,0.78,0.22,0.79,1770423080018,70179.99
0.2,0.78,0.22,0.79,1770423080209,70179.99
0.2,0.78,0.22,0.8,1770423080210,70179.99
0.2,0.79,0.22,0.8,1770423080238,70179.99
0.2,0.79,0.21,0.8,1770423080239,70179.99
0.2,0.78,0.21,0.8,1770423080456,70193.99
0.2,0.78,0.22,0.8,1770423080462,70193.99
0.2,0.79,0.22,0.8,1770423080780,70193.99
0.2,0.79,0.21,0.8,1770423080781,70193.99
0.2,0.78,0.21,0.8,1770423081946,70185.85
0.2,0.78,0.22,0.8,1770423081964,70185.85
0.21,0.78,0.22,0.8,1770423082126,70185.85
0.21,0.78,0.22,0.79,1770423082133,70185.85
0.2,0.78,0.22,0.79,1770423082221,70185.85
0.2,0.78,0.22,0.8,1770423082230,70185.85
0.2,0.78,0.21,0.8,1770423082279,70184.7
0.2,0.79,0.21,0.8,1770423082280,70184.7
0.2,0.79,0.22,0.8,1770423082943,70184.7
0.2,0.78,0.22,0.8,1770423082944,70184.7
0.21,0.78,0.22,0.8,1770423082991,70184.7
0.21,0.78,0.22,0.79,1770423083002,70184.7
0.2,0.78,0.22,0.79,1770423083102,70184.7
0.2,0.78,0.22,0.8,1770423083108,70184.7
0.2,0.78,0.21,0.8,1770423085609,70182.43
0.2,0.79,0.21,0.8,1770423085633,70182.43
0.2,0.79,0.22,0.8,1770423087672,70173.36
0.2,0.78,0.22,0.8,1770423087673,70173.36
0.2,0.79,0.22,0.8,1770423087751,70173.36
0.2,0.79,0.21,0.8,1770423087755,70173.36
0.2,0.78,0.21,0.8,1770423091551,70172.79
0.2,0.78,0.22,0.8,1770423091556,70172.79
0.21,0.78,0.22,0.8,1770423091588,70172.79
0.21,0.78,0.22,0.79,1770423091598,70172.79
0.2,0.78,0.22,0.79,1770423091691,70172.79
0.21,0.78,0.22,0.8,1770423091696,70172.79
0.21,0.78,0.22,0.79,1770423091697,70172.79
0.2,0.78,0.22,0.79,1770423091998,70172.79
0.2,0.78,0.22,0.8,1770423092051,70172.79
0.2,0.79,0.22,0.8,1770423092225,70172.79
0.2,0.79,0.21,0.8,1770423092226,70172.79
0.2,0.78,0.21,0.8,1770423092531,70179.34
0.2,0.78,0.22,0.8,1770423092532,70179.34
0.21,0.78,0.22,0.8,1770423092707,70179.34
0.21,0.78,0.22,0.79,1770423092710,70179.34
0.2,0.78,0.22,0.79,1770423093669,70182.59
0.2,0.78,0.22,0.8,1770423093670,70182.59
0.21,0.78,0.22,0.8,1770423093693,70182.59
0.21,0.78,0.22,0.79,1770423093695,70182.59
0.21,0.79,0.22,0.8,1770423094173,70182.59
0.2,0.79,0.21,0.8,1770423094174,70182.59
0.2,0.78,0.21,0.8,1770423094233,70172.8
0.2,0.78,0.22,0.8,1770423094234,70172.8
0.2,0.79,0.22,0.8,1770423095136,70172.8
0.2,0.79,0.21,0.8,1770423095137,70172.8
0.19,0.79,0.21,0.8,1770423113301,70146.24
0.19,0.79,0.21,0.81,1770423113323,70146.24
0.19,0.8,0.21,0.81,1770423113325,70146.24
0.19,0.8,0.2,0.81,1770423113326,70146.24
0.18,0.8,0.2,0.81,1770423117347,70116.27
0.18,0.8,0.2,0.82,1770423117348,70116.27
0.18,0.81,0.2,0.82,1770423117370,70116.27
0.18,0.81,0.19,0.82,1770423117372,70116.27
0.17,0.81,0.19,0.82,1770423120322,70109.14
0.17,0.81,0.19,0.83,1770423120327,70109.14
0.17,0.82,0.19,0.83,1770423120348,70109.14
0.17,0.82,0.18,0.83,1770423120351,70109.14
0.17,0.81,0.18,0.83,1770423121037,70109.14
0.17,0.81,0.19,0.83,1770423121038,70109.14
0.18,0.81,0.19,0.83,1770423121048,70109.14
0.18,0.81,0.19,0.82,1770423121064,70109.14
0.18,0.8,0.19,0.82,1770423122715,70121.99
0.18,0.8,0.2,0.82,1770423122716,70121.99
0.19,0.8,0.2,0.82,1770423123655,70124.38
0.19,0.8,0.2,0.81,1770423123656,70124.38
0.18,0.8,0.2,0.81,1770423124416,70132.25
0.18,0.8,0.2,0.82,1770423124440,70132.25
0.18,0.81,0.2,0.82,1770423124602,70132.25
0.18,0.81,0.19,0.82,1770423124606,70132.25
0.17,0.81,0.19,0.82,1770423125209,70132.25
0.17,0.81,0.19,0.83,1770423125231,70132.25
0.17,0.82,0.19,0.83,1770423125239,70132.25
0.17,0.82,0.18,0.83,1770423125240,70132.25
0.17,0.82,0.19,0.83,1770423125724,70105.56
0.17,0.81,0.19,0.83,1770423125748,70105.56
0.17,0.81,0.19,0.82,1770423125753,70105.56
0.18,0.81,0.19,0.82,1770423125755,70105.56
0.18,0.8,0.19,0.82,1770423126213,70105.56
0.18,0.8,0.2,0.82,1770423126216,70105.56
0.18,0.81,0.2,0.82,1770423127209,70114.77
0.18,0.81,0.19,0.82,1770423127210,70114.77
0.18,0.81,0.2,0.82,1770423128163,70122.18
0.18,0.8,0.2,0.82,1770423128167,70122.18
0.18,0.8,0.2,0.81,1770423128190,70122.18
0.19,0.8,0.2,0.81,1770423128191,70122.18
0.19,0.79,0.2,0.81,1770423133373,70170.0
0.2,0.79,0.21,0.8,1770423133381,70170.0
0.2,0.78,0.21,0.8,1770423136055,70198.0
0.2,0.78,0.22,0.8,1770423136056,70198.0
0.21,0.78,0.22,0.8,1770423136080,70198.0
0.21,0.78,0.22,0.79,1770423136083,70198.0
0.21,0.78,0.23,0.79,1770423136586,70214.54
0.21,0.77,0.23,0.79,1770423136593,70214.54
0.22,0.77,0.23,0.79,1770423137029,70214.54
0.22,0.77,0.23,0.78,1770423137030,70214.54
0.21,0.77,0.23,0.78,1770423140539,70196.02
0.21,0.77,0.23,0.79,1770423140552,70196.02
0.21,0.78,0.23,0.79,1770423140563,70196.02
0.21,0.78,0.22,0.79,1770423140568,70196.02
0.2,0.78,0.22,0.79,1770423142002,70193.16
0.2,0.78,0.22,0.8,1770423142012,70193.16
0.2,0.79,0.22,0.8,1770423142027,70193.16
0.2,0.79,0.21,0.8,1770423142032,70193.16
0.2,0.78,0.21,0.8,1770423144810,70174.26
0.2,0.78,0.22,0.8,1770423144812,70174.26
0.21,0.78,0.22,0.8,1770423144851,70174.26
0.21,0.78,0.22,0.79,1770423144852,70174.26
0.2,0.78,0.22,0.79,1770423145149,70174.26
0.2,0.78,0.22,0.8,1770423145150,70174.26
0.2,0.78,0.21,0.8,1770423145434,70183.15
0.2,0.79,0.21,0.8,1770423145445,70183.15
0.19,0.79,0.21,0.8,1770423146028,70183.15
0.19,0.79,0.21,0.81,1770423146031,70183.15
0.2,0.79,0.21,0.81,1770423146194,70183.15
0.2,0.79,0.21,0.8,1770423146195,70183.15
0.19,0.79,0.21,0.8,1770423146426,70169.24
0.19,0.79,0.21,0.81,1770423146456,70169.24
0.2,0.79,0.21,0.81,1770423146548,70169.24
0.2,0.79,0.21,0.8,1770423146573,70169.24
0.19,0.79,0.21,0.8,1770423146927,70169.24
0.19,0.79,0.21,0.81,1770423146938,70169.24
0.19,0.79,0.2,0.81,1770423146951,70169.24
0.19,0.8,0.2,0.81,1770423146952,70169.24
0.19,0.79,0.2,0.81,1770423147956,70154.61
0.19,0.79,0.21,0.81,1770423147972,70154.61
0.2,0.79,0.21,0.81,1770423147981,70154.61
0.2,0.79,0.21,0.8,1770423147983,70154.61
0.2,0.78,0.21,0.8,1770423148356,70180.33
0.2,0.78,0.22,0.8,1770423148357,70180.33
0.21,0.78,0.22,0.8,1770423149225,70180.33
0.21,0.78,0.22,0.79,1770423149232,70180.33
0.2,0.78,0.22,0.79,1770423149412,70187.16
0.2,0.78,0.22,0.8,1770423149419,70187.16
0.21,0.78,0.22,0.8,1770423149456,70187.16
0.21,0.78,0.22,0.79,1770423149487,70187.16
0.2,0.78,0.22,0.79,1770423149632,70187.16
0.2,0.78,0.22,0.8,1770423149645,70187.16
0.21,0.78,0.22,0.8,1770423149741,70187.16
0.21,0.78,0.22,0.79,1770423149748,70187.16
0.21,0.77,0.22,0.79,1770423149909,70187.16
0.21,0.77,0.23,0.79,1770423149910,70187.16
0.22,0.77,0.23,0.79,1770423149933,70187.16
0.22,0.77,0.23,0.78,1770423149934,70187.16
0.22,0.76,0.23,0.78,1770423152534,70210.07
0.22,0.76,0.24,0.78,1770423152537,70210.07
0.23,0.76,0.24,0.78,1770423152557,70210.07
0.23,0.76,0.24,0.77,1770423152558,70210.07
0.23,0.75,0.24,0.77,1770423153074,70210.07
0.23,0.75,0.25,0.77,1770423153099,70210.07
0.24,0.75,0.25,0.77,1770423153193,70210.07
0.24,0.75,0.25,0.76,1770423153199,70210.07
0.23,0.75,0.25,0.76,1770423154946,70249.49
0.23,0.75,0.25,0.77,1770423154947,70249.49
0.23,0.76,0.25,0.77,1770423155797,70244.7
0.23,0.76,0.24,0.77,1770423155798,70244.7
0.22,0.76,0.24,0.77,1770423155829,70244.7
0.22,0.76,0.24,0.78,1770423155830,70244.7
0.23,0.76,0.24,0.78,1770423156144,70244.7
0.23,0.76,0.24,0.77,1770423156170,70244.7
0.22,0.76,0.24,0.77,1770423156423,70244.0
0.22,0.76,0.24,0.78,1770423156425,70244.0
0.22,0.77,0.24,0.78,1770423156452,70244.0
0.22,0.77,0.23,0.78,1770423156453,70244.0
0.22,0.76,0.23,0.78,1770423161258,70229.72
0.22,0.76,0.24,0.78,1770423161282,70229.72
0.22,0.77,0.24,0.78,1770423161344,70229.72
0.22,0.77,0.23,0.78,1770423161356,70229.72
0.22,0.76,0.23,0.78,1770423161384,70229.72
0.22,0.76,0.24,0.78,1770423161412,70229.72
0.23,0.76,0.24,0.78,1770423162087,70229.72
0.23,0.76,0.24,0.77,1770423162102,70229.72
0.23,0.76,0.25,0.77,1770423164480,70262.63
0.23,0.75,0.25,0.77,1770423164481,70262.63
0.24,0.75,0.25,0.77,1770423164500,70262.63
0.24,0.75,0.25,0.76,1770423164501,70262.63
0.23,0.75,0.25,0.76,1770423165637,70263.16
0.23,0.75,0.25,0.77,1770423165638,70263.16
0.24,0.75,0.25,0.77,1770423165692,70263.16
0.24,0.75,0.25,0.76,1770423165695,70263.16
0.24,0.74,0.25,0.76,1770423167479,70266.04
0.24,0.74,0.26,0.76,1770423167480,70266.04
0.24,0.75,0.26,0.76,1770423169340,70266.04
0.24,0.75,0.25,0.76,1770423169341,70266.04
0.23,0.75,0.25,0.76,1770423170960,70259.05
0.23,0.75,0.25,0.77,1770423170978,70259.05
0.24,0.75,0.25,0.77,1770423171176,70259.05
0.24,0.75,0.25,0.76,1770423171177,70259.05
0.23,0.75,0.25,0.76,1770423175289,70232.01
0.23,0.75,0.25,0.77,1770423175290,70232.01
0.23,0.76,0.25,0.77,1770423175315,70232.01
0.23,0.76,0.24,0.77,1770423175316,70232.01
0.22,0.76,0.24,0.77,1770423175819,70232.01
0.22,0.76,0.24,0.78,1770423175845,70232.01
0.22,0.77,0.24,0.78,1770423175854,70232.01
0.22,0.77,0.23,0.78,1770423175855,70232.01
0.22,0.76,0.23,0.78,1770423176796,70222.01
0.22,0.76,0.24,0.78,1770423176823,70222.01
0.23,0.76,0.24,0.78,1770423177074,70222.01
0.23,0.76,0.24,0.77,1770423177093,70222.01
0.23,0.75,0.24,0.77,1770423177586,70231.86
0.23,0.75,0.25,0.77,1770423177587,70231.86
0.24,0.75,0.25,0.77,1770423177755,70231.86
0.24,0.75,0.25,0.76,1770423177757,70231.86
0.23,0.75,0.25,0.76,1770423177955,70231.86
0.24,0.75,0.25,0.76,1770423177961,70231.86
0.24,0.75,0.26,0.76,1770423178602,70266.04
0.24,0.74,0.26,0.76,1770423178603,70266.04
0.25,0.74,0.26,0.76,1770423178651,70266.04
0.25,0.74,0.26,0.75,1770423178652,70266.04
0.24,0.74,0.26,0.75,1770423178702,70266.04
0.24,0.74,0.26,0.76,1770423178737,70266.04
0.25,0.74,0.26,0.76,1770423178896,70266.04
0.25,0.74,0.26,0.75,1770423178897,70266.04
0.24,0.74,0.26,0.75,1770423179150,70266.04
0.24,0.74,0.26,0.76,1770423179152,70266.04
0.25,0.74,0.26,0.76,1770423179338,70266.03
0.25,0.74,0.26,0.75,1770423179343,70266.03
0.25,0.73,0.26,0.75,1770423180071,70266.03
0.25,0.73,0.27,0.75,1770423180072,70266.03
0.25,0.74,0.27,0.75,1770423180109,70266.03
0.25,0.74,0.26,0.75,1770423180110,70266.03
0.25,0.73,0.26,0.75,1770423181116,70277.6
0.25,0.73,0.27,0.75,1770423181155,70277.6
0.25,0.74,0.27,0.75,1770423182875,70277.71
0.25,0.74,0.26,0.75,1770423182899,70277.71
0.25,0.73,0.26,0.75,1770423193837,70277.99
0.25,0.73,0.27,0.75,1770423193838,70277.99
0.26,0.73,0.27,0.75,1770423193853,70277.99
0.26,0.73,0.27,0.74,1770423193863,70277.99
0.25,0.73,0.27,0.74,1770423194419,70299.99
0.25,0.73,0.27,0.75,1770423194421,70299.99
0.25,0.74,0.27,0.75,1770423194454,70299.99
0.25,0.74,0.26,0.75,1770423194455,70299.99
0.25,0.73,0.26,0.75,1770423194950,70299.99
0.25,0.73,0.27,0.75,1770423194981,70299.99
0.26,0.73,0.27,0.75,1770423195450,70277.42
0.26,0.73,0.27,0.74,1770423195451,70277.42
0.25,0.73,0.27,0.74,1770423197625,70287.27
0.25,0.73,0.27,0.75,1770423197626,70287.27
0.25,0.74,0.27,0.75,1770423197636,70287.27
0.25,0.74,0.26,0.75,1770423197639,70287.27
0.26,0.74,0.27,0.75,1770423197647,70287.27
0.26,0.73,0.27,0.74,1770423197648,70287.27
0.26,0.74,0.27,0.75,1770423198086,70287.27
0.25,0.74,0.26,0.75,1770423198087,70287.27
0.25,0.73,0.26,0.75,1770423198126,70287.27
0.25,0.73,0.27,0.75,1770423198129,70287.27
0.26,0.73,0.27,0.75,1770423198135,70287.27
0.25,0.73,0.27,0.74,1770423198162,70287.27
0.25,0.73,0.27,0.75,1770423198163,70287.27
0.25,0.74,0.27,0.75,1770423198840,70282.79
0.25,0.74,0.26,0.75,1770423198848,70282.79
0.25,0.73,0.26,0.75,1770423201321,70267.31
0.25,0.73,0.27,0.75,1770423201329,70267.31
0.26,0.73,0.27,0.74,1770423201330,70267.31
0.26,0.72,0.27,0.74,1770423201553,70267.31
0.26,0.72,0.28,0.74,1770423201556,70267.31
0.27,0.72,0.28,0.74,1770423201746,70267.31
0.27,0.72,0.28,0.73,1770423201760,70267.31
0.26,0.72,0.28,0.73,1770423202440,70289.54
0.26,0.72,0.28,0.74,1770423202451,70289.54
0.26,0.73,0.28,0.74,1770423202454,70289.54
0.26,0.73,0.27,0.74,1770423202455,70289.54
0.25,0.73,0.27,0.74,1770423204727,70289.54
0.25,0.73,0.27,0.75,1770423204728,70289.54
0.26,0.73,0.27,0.75,1770423206148,70278.51
0.26,0.73,0.27,0.74,1770423206165,70278.51
0.25,0.73,0.27,0.74,1770423206303,70278.52
0.25,0.73,0.27,0.75,1770423206317,70278.52
0.26,0.73,0.27,0.75,1770423206451,70278.52
0.26,0.73,0.27,0.74,1770423206476,70278.52
0.25,0.73,0.27,0.74,1770423206602,70278.52
0.26,0.73,0.27,0.75,1770423206611,70278.52
0.26,0.73,0.27,0.74,1770423206612,70278.52
0.25,0.73,0.27,0.74,1770423207102,70278.52
0.25,0.73,0.27,0.75,1770423207106,70278.52
0.26,0.73,0.27,0.75,1770423207513,70278.51
0.26,0.73,0.27,0.74,1770423207520,70278.51
0.26,0.73,0.28,0.74,1770423210212,70277.81
0.26,0.72,0.28,0.74,1770423210235,70288.58
0.26,0.73,0.28,0.74,1770423210776,70288.58
0.26,0.73,0.27,0.74,1770423210777,70288.58
0.26,0.72,0.27,0.74,1770423211797,70289.99
0.26,0.72,0.28,0.74,1770423211821,70289.99
0.26,0.73,0.28,0.74,1770423212020,70289.99
0.26,0.73,0.27,0.74,1770423212021,70289.99
0.26,0.73,0.28,0.74,1770423217505,70293.26
0.26,0.72,0.28,0.74,1770423217521,70293.26
0.27,0.72,0.28,0.74,1770423219201,70293.26
0.27,0.72,0.28,0.73,1770423219202,70293.26
0.26,0.72,0.28,0.73,1770423220004,70300.0
0.26,0.72,0.28,0.74,1770423220026,70300.0
0.27,0.72,0.28,0.74,1770423220650,70300.0
0.27,0.72,0.28,0.73,1770423220651,70300.0
0.27,0.73,0.28,0.74,1770423223224,70279.89
0.26,0.73,0.27,0.74,1770423223227,70279.89
0.25,0.73,0.27,0.74,1770423223230,70279.89
0.25,0.73,0.27,0.75,1770423223236,70279.89
0.25,0.74,0.27,0.75,1770423223283,70279.89
0.25,0.74,0.26,0.75,1770423223284,70279.89
0.24,0.74,0.26,0.75,1770423226974,70277.7
0.24,0.74,0.26,0.76,1770423226978,70277.7
0.25,0.74,0.26,0.76,1770423227010,70277.7
0.25,0.74,0.26,0.75,1770423227014,70277.7
0.25,0.75,0.26,0.76,1770423234645,70268.0
0.24,0.75,0.25,0.76,1770423234646,70268.0
0.24,0.74,0.25,0.76,1770423234697,70268.0
0.24,0.74,0.26,0.76,1770423234701,70268.0
0.24,0.74,0.25,0.76,1770423234929,70268.0
0.24,0.75,0.25,0.76,1770423234939,70268.0
0.23,0.75,0.25,0.76,1770423245585,70255.19
0.23,0.75,0.25,0.77,1770423245594,70255.19
0.23,0.75,0.24,0.77,1770423245972,70255.19
0.23,0.76,0.24,0.77,1770423245973,70255.19
0.22,0.76,0.24,0.77,1770423246130,70255.19
0.22,0.76,0.24,0.78,1770423246131,70255.19
0.23,0.76,0.24,0.78,1770423246769,70236.32
0.23,0.76,0.24,0.77,1770423246781,70236.32
0.24,0.76,0.25,0.77,1770423252942,70236.01
0.24,0.75,0.25,0.76,1770423252958,70236.01
0.23,0.75,0.25,0.76,1770423253006,70236.01
0.23,0.75,0.25,0.77,1770423253007,70236.01
0.23,0.75,0.24,0.77,1770423255828,70243.99
0.23,0.76,0.24,0.77,1770423255840,70243.99
0.23,0.76,0.25,0.77,1770423257091,70239.07
0.23,0.75,0.25,0.77,1770423257113,70239.07
0.23,0.75,0.24,0.77,1770423258344,70239.08
0.23,0.76,0.24,0.77,1770423258349,70239.08
0.23,0.76,0.25,0.77,1770423258367,70239.08
0.23,0.75,0.25,0.77,1770423258368,70239.08
0.23,0.75,0.24,0.77,1770423258964,70239.08
0.23,0.76,0.24,0.77,1770423258966,70239.08
0.23,0.77,0.24,0.78,1770423264954,70229.72
0.22,0.77,0.23,0.78,1770423264957,70229.72
0.22,0.76,0.23,0.78,1770423265005,70229.72
0.22,0.76,0.24,0.78,1770423265006,70229.72
0.23,0.76,0.24,0.78,1770423268554,70229.73
0.23,0.76,0.24,0.77,1770423268559,70229.73
0.22,0.76,0.24,0.77,1770423268769,70229.73
0.22,0.76,0.24,0.78,1770423268793,70229.73
0.23,0.76,0.24,0.78,1770423269058,70229.73
0.23,0.76,0.24,0.77,1770423269059,70229.73
0.22,0.76,0.24,0.77,1770423269255,70229.73
0.22,0.76,0.24,0.78,1770423269256,70229.73
0.23,0.76,0.24,0.78,1770423269564,70229.73
0.23,0.76,0.24,0.77,1770423269565,70229.73
0.22,0.76,0.24,0.77,1770423269778,70229.73
0.22,0.76,0.24,0.78,1770423269779,70229.73
0.23,0.76,0.24,0.78,1770423270061,70229.73
0.23,0.76,0.24,0.77,1770423270062,70229.73
0.22,0.76,0.24,0.77,1770423270237,70229.72
0.22,0.76,0.24,0.78,1770423270238,70229.72
0.23,0.76,0.24,0.78,1770423270563,70229.72
0.23,0.76,0.24,0.77,1770423270564,70229.72
0.22,0.76,0.24,0.77,1770423270902,70229.72
0.22,0.76,0.24,0.78,1770423270904,70229.72
0.23,0.76,0.24,0.78,1770423271008,70229.72
0.23,0.76,0.24,0.77,1770423271051,70229.72
0.24,0.76,0.25,0.77,1770423272564,70238.0
0.24,0.75,0.25,0.76,1770423272565,70238.0
0.23,0.75,0.25,0.76,1770423272728,70238.0
0.23,0.75,0.25,0.77,1770423272747,70238.0
0.24,0.75,0.25,0.77,1770423272809,70238.0
0.24,0.75,0.25,0.76,1770423272823,70238.0
0.24,0.74,0.25,0.76,1770423275667,70251.48
0.24,0.74,0.26,0.76,1770423275668,70251.48
0.24,0.74,0.26,0.75,1770423275705,70251.48
0.25,0.74,0.26,0.75,1770423275708,70251.48
0.25,0.73,0.26,0.75,1770423277228,70278.5
0.25,0.73,0.27,0.75,1770423277235,70278.5
0.25,0.74,0.27,0.75,1770423277250,70278.5
0.25,0.74,0.26,0.75,1770423277251,70278.5
0.25,0.73,0.26,0.75,1770423277354,70278.5
0.25,0.73,0.27,0.75,1770423277355,70278.5
0.25,0.73,0.26,0.75,1770423277364,70278.5
0.25,0.74,0.26,0.75,1770423277373,70278.5
0.25,0.73,0.26,0.75,1770423298288,70265.89
0.25,0.73,0.27,0.75,1770423298307,70265.89
0.26,0.73,0.27,0.75,1770423298356,70265.89
0.26,0.73,0.27,0.74,1770423298357,70265.89
0.25,0.73,0.27,0.74,1770423298537,70265.89
0.25,0.73,0.27,0.75,1770423298538,70265.89
0.26,0.73,0.27,0.75,1770423299320,70271.66
0.26,0.73,0.27,0.74,1770423299330,70271.66
0.26,0.73,0.28,0.74,1770423300786,70271.66
0.26,0.72,0.28,0.74,1770423300787,70271.66
0.26,0.73,0.28,0.74,1770423300806,70271.66
0.26,0.73,0.27,0.74,1770423300814,70271.66
0.25,0.73,0.26,0.74,1770423301453,70275.99
0.25,0.74,0.26,0.75,1770423301454,70275.99
0.25,0.74,0.27,0.75,1770423302087,70275.99
0.25,0.73,0.27,0.75,1770423302088,70275.99
0.26,0.73,0.27,0.75,1770423302107,70275.99
0.26,0.73,0.27,0.74,1770423302110,70275.99
0.25,0.73,0.27,0.74,1770423303788,70289.99
0.25,0.73,0.27,0.75,1770423303789,70289.99
0.25,0.74,0.27,0.75,1770423303902,70289.99
0.25,0.74,0.26,0.75,1770423303903,70289.99
0.24,0.74,0.26,0.75,1770423305007,70266.83
0.24,0.74,0.26,0.76,1770423305009,70266.83
0.24,0.75,0.26,0.76,1770423305051,70266.83
0.24,0.75,0.25,0.76,1770423305052,70266.83
0.25,0.75,0.26,0.76,1770423306756,70255.01
0.25,0.74,0.26,0.75,1770423306757,70255.01
0.25,0.73,0.26,0.75,1770423308191,70239.09
0.25,0.73,0.27,0.75,1770423308199,70239.09
0.26,0.73,0.27,0.75,1770423308259,70261.06
0.26,0.73,0.27,0.74,1770423308260,70261.06
0.25,0.73,0.27,0.74,1770423309642,70271.64
0.25,0.73,0.27,0.75,1770423309643,70271.64
0.26,0.73,0.27,0.75,1770423310157,70271.64
0.26,0.73,0.27,0.74,1770423310158,70271.64
0.25,0.73,0.27,0.74,1770423311663,70266.71
0.25,0.73,0.27,0.75,1770423311686,70266.71
0.25,0.74,0.27,0.75,1770423311699,70266.71
0.25,0.74,0.26,0.75,1770423311710,70266.71
0.25,0.74,0.27,0.75,1770423315214,70263.88
0.25,0.73,0.27,0.75,1770423315215,70263.88
0.26,0.73,0.27,0.75,1770423315245,70271.64
0.26,0.73,0.27,0.74,1770423315248,70271.64
0.26,0.72,0.27,0.74,1770423318283,70282.0
0.26,0.72,0.28,0.74,1770423318288,70282.0
0.27,0.72,0.28,0.74,1770423318323,70282.0
0.27,0.72,0.28,0.73,1770423318325,70282.0
0.26,0.72,0.28,0.73,1770423322353,70299.0
0.26,0.72,0.28,0.74,1770423322355,70299.0
0.26,0.73,0.28,0.74,1770423322372,70299.0
0.26,0.73,0.27,0.74,1770423322373,70299.0
0.25,0.73,0.27,0.74,1770423322871,70299.0
0.25,0.73,0.27,0.75,1770423322872,70299.0
0.26,0.73,0.27,0.75,1770423324461,70274.01
0.26,0.73,0.27,0.74,1770423324462,70274.01
0.25,0.73,0.27,0.74,1770423327427,70260.54
0.25,0.73,0.27,0.75,1770423327447,70260.54
0.26,0.73,0.27,0.75,1770423327583,70260.54
0.26,0.73,0.27,0.74,1770423327589,70260.54
0.26,0.72,0.27,0.74,1770423328745,70274.9
0.26,0.72,0.28,0.74,1770423328762,70274.9
0.27,0.72,0.28,0.74,1770423328816,70274.9
0.27,0.72,0.28,0.73,1770423328817,70274.9
0.26,0.72,0.28,0.73,1770423330400,70274.9
0.26,0.72,0.28,0.74,1770423330404,70274.9
0.26,0.72,0.27,0.74,1770423330429,70274.9
0.26,0.73,0.27,0.74,1770423330431,70274.9
0.25,0.73,0.27,0.74,1770423331151,70274.9
0.25,0.73,0.27,0.75,1770423331152,70274.9
0.25,0.73,0.26,0.75,1770423331212,70274.9
0.25,0.74,0.26,0.75,1770423331213,70274.9
0.23,0.74,0.24,0.75,1770423337508,70239.08
0.23,0.76,0.24,0.77,1770423337509,70239.08
0.23,0.75,0.24,0.77,1770423338173,70239.08
0.23,0.75,0.25,0.77,1770423338176,70239.08
0.24,0.75,0.25,0.77,1770423338210,70239.08
0.24,0.75,0.25,0.76,1770423338213,70239.08
0.25,0.75,0.26,0.76,1770423339375,70253.3
0.25,0.74,0.26,0.75,1770423339381,70253.3
0.25,0.73,0.26,0.75,1770423342261,70266.14
0.25,0.73,0.27,0.75,1770423342266,70266.15
0.26,0.73,0.27,0.75,1770423342315,70266.15
0.26,0.73,0.27,0.74,1770423342316,70266.15
0.27,0.73,0.28,0.74,1770423345027,70279.9
0.27,0.72,0.28,0.73,1770423345028,70279.9
0.27,0.73,0.28,0.74,1770423345920,70297.99
0.26,0.73,0.27,0.74,1770423345947,70297.99
0.25,0.73,0.27,0.74,1770423350772,70278.28
0.25,0.73,0.27,0.75,1770423350775,70278.28
0.25,0.74,0.27,0.75,1770423350796,70278.28
0.25,0.74,0.26,0.75,1770423350798,70278.28
0.25,0.74,0.28,0.75,1770423351949,70269.89
0.25,0.72,0.28,0.75,1770423351950,70269.89
0.26,0.72,0.28,0.75,1770423352006,70269.89
0.26,0.73,0.28,0.74,1770423352022,70269.89
0.26,0.73,0.27,0.74,1770423352026,70269.89
0.26,0.72,0.27,0.74,1770423352384,70269.89
0.26,0.72,0.28,0.74,1770423352385,70269.89
0.27,0.72,0.28,0.74,1770423352452,70269.89
0.27,0.72,0.28,0.73,1770423352458,70269.89
0.27,0.73,0.28,0.74,1770423352955,70269.89
0.26,0.73,0.27,0.74,1770423352964,70269.89
0.26,0.72,0.27,0.74,1770423360631,70269.9
0.26,0.72,0.28,0.74,1770423360644,70269.9
0.27,0.72,0.28,0.74,1770423360660,70269.9
0.27,0.72,0.28,0.73,1770423360661,70269.9
0.27,0.71,0.28,0.73,1770423363023,70294.89
0.27,0.71,0.29,0.73,1770423363024,70294.89
0.28,0.71,0.29,0.73,1770423363057,70294.89
0.28,0.71,0.29,0.72,1770423363061,70294.89
0.28,0.71,0.3,0.72,1770423363943,70305.38
0.28,0.7,0.3,0.72,1770423363946,70305.38
0.29,0.7,0.3,0.72,1770423364158,70305.38
0.29,0.7,0.3,0.71,1770423364159,70305.38
0.28,0.7,0.3,0.71,1770423365065,70305.37
0.28,0.7,0.3,0.72,1770423365071,70305.37
0.28,0.7,0.29,0.72,1770423365092,70305.37
0.28,0.71,0.29,0.72,1770423365099,70305.37
0.28,0.7,0.29,0.72,1770423365146,70305.37
0.28,0.7,0.3,0.72,1770423365147,70305.37
0.28,0.71,0.3,0.72,1770423365339,70302.66
0.28,0.71,0.29,0.72,1770423365340,70302.66
0.27,0.71,0.29,0.72,1770423365541,70302.66
0.27,0.71,0.29,0.73,1770423365552,70302.66
0.27,0.72,0.29,0.73,1770423365644,70302.66
0.27,0.72,0.28,0.73,1770423365651,70302.66
0.25,0.72,0.28,0.73,1770423366127,70302.66
0.25,0.72,0.28,0.75,1770423366139,70302.66
0.25,0.73,0.28,0.75,1770423366172,70302.66
0.25,0.73,0.27,0.75,1770423366178,70302.66
0.25,0.74,0.27,0.75,1770423366252,70260.87
0.25,0.74,0.26,0.75,1770423366253,70260.87
0.25,0.73,0.26,0.75,1770423366586,70260.87
0.25,0.74,0.27,0.75,1770423366601,70260.87
0.25,0.74,0.26,0.75,1770423366602,70260.87
0.25,0.73,0.26,0.75,1770423367566,70260.88
0.25,0.73,0.27,0.75,1770423367589,70260.88
0.26,0.73,0.27,0.75,1770423367600,70260.88
0.26,0.73,0.27,0.74,1770423367601,70260.88
0.26,0.72,0.27,0.74,1770423368081,70260.88
0.26,0.72,0.28,0.74,1770423368089,70260.88
0.27,0.72,0.28,0.74,1770423368228,70260.88
0.27,0.72,0.28,0.73,1770423368229,70260.88
0.26,0.72,0.28,0.73,1770423370476,70284.5
0.26,0.72,0.28,0.74,1770423370501,70284.5
0.27,0.72,0.28,0.74,1770423371743,70270.5
0.27,0.72,0.28,0.73,1770423371759,70270.5
0.26,0.72,0.28,0.73,1770423371853,70270.5
0.26,0.72,0.28,0.74,1770423371854,70270.5
0.26,0.73,0.28,0.74,1770423371858,70270.5
0.26,0.73,0.27,0.74,1770423371875,70270.5
0.25,0.73,0.27,0.74,1770423371899,70270.5
0.25,0.73,0.27,0.75,1770423371900,70270.5
0.26,0.73,0.27,0.75,1770423372845,70256.41
0.26,0.73,0.27,0.74,1770423372846,70256.41
0.26,0.73,0.28,0.74,1770423373791,70264.47
0.26,0.72,0.28,0.74,1770423373792,70264.47
0.27,0.72,0.28,0.74,1770423373847,70264.47
0.27,0.72,0.28,0.73,1770423373851,70264.47
0.26,0.72,0.28,0.73,1770423373888,70264.47
0.26,0.72,0.28,0.74,1770423373915,70264.47
0.26,0.73,0.28,0.74,1770423374883,70280.32
0.26,0.73,0.27,0.74,1770423374891,70280.32
0.26,0.73,0.27,0.75,1770423376383,70266.0
0.25,0.73,0.27,0.75,1770423376388,70266.0
0.26,0.73,0.27,0.75,1770423376397,70266.0
0.26,0.73,0.27,0.74,1770423376403,70266.0
0.25,0.73,0.27,0.74,1770423376984,70266.0
0.25,0.73,0.27,0.75,1770423376995,70266.0
0.26,0.73,0.27,0.75,1770423377084,70266.0
0.26,0.73,0.27,0.74,1770423377088,70266.0
0.25,0.73,0.27,0.74,1770423377151,70266.0
0.25,0.73,0.27,0.75,1770423377152,70266.0
0.26,0.73,0.27,0.75,1770423377531,70265.04
0.26,0.73,0.27,0.74,1770423377532,70265.04
0.26,0.72,0.27,0.74,1770423378700,70270.5
0.26,0.72,0.28,0.74,1770423378701,70270.5
0.27,0.72,0.28,0.74,1770423378756,70270.5
0.27,0.72,0.28,0.73,1770423378758,70270.5
0.27,0.71,0.28,0.73,1770423380020,70283.42
0.27,0.71,0.29,0.73,1770423380021,70283.42
0.28,0.71,0.29,0.73,1770423380045,70283.42
0.28,0.71,0.29,0.72,1770423380047,70283.42
0.27,0.71,0.29,0.72,1770423383533,70290.0
0.27,0.71,0.29,0.73,1770423383534,70290.0
0.27,0.71,0.28,0.73,1770423383588,70290.0
0.27,0.72,0.28,0.73,1770423383589,70290.0
0.27,0.71,0.28,0.73,1770423384504,70284.67
0.27,0.71,0.29,0.73,1770423384527,70284.67
0.28,0.71,0.29,0.73,1770423385251,70293.99
0.28,0.71,0.29,0.72,1770423385254,70293.99
0.28,0.7,0.29,0.72,1770423385489,70293.99
0.28,0.7,0.3,0.72,1770423385490,70293.99
0.29,0.7,0.3,0.72,1770423385549,70293.99
0.29,0.7,0.3,0.71,1770423385576,70293.99
0.28,0.7,0.3,0.71,1770423385736,70293.99
