0.66,0.2,0.94,0.34,1770422402124,87.43
0.66,0.06,0.81,0.34,1770422402171,87.43
0.73,0.19,0.81,0.34,1770422411217,87.42
0.73,0.19,0.81,0.27,1770422412525,87.43
0.66,0.19,0.81,0.27,1770422422282,87.37
0.68,0.19,0.81,0.34,1770422422823,87.37
0.68,0.2,0.81,0.32,1770422423742,87.31
0.68,0.2,0.8,0.32,1770422423743,87.31
0.66,0.2,0.8,0.32,1770422424110,87.31
0.69,0.2,0.8,0.34,1770422424189,87.31
0.69,0.19,0.8,0.31,1770422426576,87.29
0.69,0.22,0.81,0.31,1770422426869,87.29
0.69,0.19,0.78,0.31,1770422428161,87.29
0.69,0.23,0.81,0.31,1770422428227,87.29
0.69,0.19,0.77,0.31,1770422428263,87.29
0.66,0.19,0.81,0.31,1770422428433,87.28
0.66,0.24,0.81,0.34,1770422428438,87.28
0.66,0.24,0.67,0.34,1770422434931,87.11
0.66,0.33,0.67,0.34,1770422435043,87.11
0.56,0.33,0.67,0.34,1770422435204,87.11
0.56,0.33,0.67,0.44,1770422435222,87.11
0.56,0.19,0.67,0.44,1770422435274,87.11
0.56,0.19,0.81,0.44,1770422435275,87.11
0.56,0.36,0.81,0.44,1770422435507,87.02
0.56,0.36,0.64,0.44,1770422435651,87.02
0.56,0.19,0.64,0.44,1770422436020,87.02
0.56,0.19,0.81,0.44,1770422436021,87.02
0.57,0.19,0.81,0.44,1770422436078,87.02
0.57,0.32,0.81,0.43,1770422436184,87.02
0.57,0.19,0.68,0.43,1770422436826,87.11
0.57,0.32,0.81,0.43,1770422437373,87.1
0.57,0.19,0.68,0.43,1770422437920,87.1
0.57,0.33,0.81,0.43,1770422438035,87.1
0.57,0.19,0.67,0.43,1770422438896,87.09
0.57,0.34,0.81,0.43,1770422438961,87.09
0.57,0.34,0.66,0.43,1770422438962,87.09
0.57,0.19,0.66,0.43,1770422439224,87.09
0.57,0.35,0.81,0.43,1770422439746,87.07
0.57,0.35,0.65,0.43,1770422439747,87.07
0.56,0.35,0.65,0.43,1770422439761,87.07
0.56,0.35,0.65,0.44,1770422439762,87.07
0.56,0.19,0.65,0.44,1770422440025,87.07
0.56,0.19,0.81,0.44,1770422440026,87.07
0.56,0.37,0.81,0.44,1770422440708,87.02
0.56,0.19,0.63,0.44,1770422440767,87.02
0.56,0.19,0.81,0.44,1770422440861,87.02
0.56,0.41,0.81,0.44,1770422440934,87.02
0.56,0.41,0.59,0.44,1770422441066,87.02
0.56,0.19,0.59,0.44,1770422441067,87.02
0.56,0.19,0.81,0.44,1770422441159,87.02
0.56,0.42,0.81,0.44,1770422441210,87.02
0.56,0.42,0.58,0.44,1770422441216,87.02
0.56,0.19,0.58,0.44,1770422441282,87.02
0.56,0.19,0.81,0.44,1770422441302,86.95
0.56,0.43,0.81,0.44,1770422441372,86.95
0.56,0.43,0.57,0.44,1770422442545,86.93
0.56,0.43,0.57,0.52,1770422443257,86.93
0.48,0.43,0.57,0.52,1770422443258,86.93
0.48,0.19,0.57,0.52,1770422443342,86.91
0.48,0.19,0.81,0.52,1770422443415,86.91
0.48,0.46,0.81,0.52,1770422443483,86.91
0.48,0.46,0.54,0.52,1770422443484,86.91
0.48,0.19,0.54,0.52,1770422444158,86.91
0.48,0.19,0.81,0.52,1770422444232,86.91
0.48,0.49,0.81,0.52,1770422444364,86.87
0.48,0.19,0.51,0.52,1770422444396,86.87
0.46,0.19,0.81,0.52,1770422444416,86.87
0.46,0.19,0.81,0.54,1770422444481,86.87
0.46,0.5,0.81,0.54,1770422444525,86.87
0.46,0.5,0.5,0.54,1770422444542,86.87
0.46,0.19,0.5,0.54,1770422445999,86.81
0.46,0.19,0.81,0.54,1770422446141,86.81
0.46,0.46,0.81,0.54,1770422446235,86.81
0.46,0.46,0.54,0.54,1770422447181,86.85
0.48,0.19,0.81,0.54,1770422447330,86.91
0.46,0.19,0.81,0.52,1770422447471,86.91
0.49,0.19,0.81,0.54,1770422447672,86.91
0.46,0.19,0.81,0.51,1770422447917,86.91
0.46,0.39,0.81,0.54,1770422447935,86.91
0.51,0.39,0.61,0.54,1770422447998,86.91
0.46,0.39,0.61,0.49,1770422448053,86.91
0.51,0.39,0.61,0.54,1770422448839,86.99
0.46,0.39,0.61,0.49,1770422449256,86.99
0.52,0.39,0.61,0.54,1770422449539,86.97
0.46,0.39,0.61,0.48,1770422449588,86.97
0.52,0.39,0.61,0.54,1770422450296,86.97
0.46,0.39,0.61,0.48,1770422450829,87.02
0.46,0.39,0.61,0.54,1770422450830,87.02
0.52,0.39,0.61,0.54,1770422450942,87.02
0.46,0.39,0.61,0.48,1770422451644,87.03
0.46,0.39,0.61,0.54,1770422451645,87.03
0.52,0.39,0.61,0.54,1770422451728,87.03
0.46,0.39,0.61,0.48,1770422453520,87.0
0.53,0.39,0.61,0.54,1770422453714,87.0
0.46,0.39,0.61,0.47,1770422453850,87.0
0.46,0.39,0.61,0.54,1770422453851,87.0
0.46,0.19,0.61,0.54,1770422454145,87.0
0.54,0.19,0.81,0.54,1770422454153,87.0
0.54,0.34,0.81,0.46,1770422454348,87.06
0.54,0.19,0.66,0.46,1770422454546,87.06
0.54,0.35,0.81,0.46,1770422454670,87.06
0.46,0.35,0.65,0.46,1770422456488,87.08
0.56,0.35,0.65,0.54,1770422456723,87.08
0.56,0.35,0.65,0.44,1770422457644,87.08
0.56,0.19,0.65,0.44,1770422459155,87.08
0.56,0.36,0.81,0.44,1770422459260,87.08
0.56,0.19,0.64,0.44,1770422459867,87.05
0.56,0.36,0.81,0.44,1770422460086,87.05
0.46,0.36,0.64,0.44,1770422461534,87.08
0.46,0.19,0.64,0.54,1770422461942,87.08
0.58,0.19,0.81,0.54,1770422461950,87.08
0.58,0.31,0.81,0.42,1770422462069,87.08
0.58,0.19,0.69,0.42,1770422463986,87.1
0.58,0.32,0.81,0.42,1770422464062,87.1
0.58,0.32,0.68,0.42,1770422464063,87.1
0.58,0.19,0.68,0.42,1770422466559,87.07
0.58,0.33,0.81,0.42,1770422467433,87.06
0.58,0.33,0.67,0.42,1770422467434,87.06
0.58,0.19,0.67,0.42,1770422467565,87.06
0.58,0.35,0.81,0.42,1770422467834,87.06
0.58,0.19,0.65,0.42,1770422467909,87.06
0.54,0.19,0.81,0.54,1770422468373,87.03
0.54,0.34,0.81,0.46,1770422468461,87.03
0.54,0.19,0.66,0.46,1770422468541,87.03
0.54,0.37,0.81,0.46,1770422468605,87.03
0.54,0.19,0.63,0.46,1770422468719,87.03
0.54,0.38,0.81,0.46,1770422468827,87.03
0.46,0.38,0.62,0.46,1770422471345,86.97
0.46,0.38,0.62,0.54,1770422471346,86.97
0.5,0.19,0.81,0.54,1770422471452,86.97
0.5,0.38,0.81,0.5,1770422472030,86.97
0.5,0.19,0.62,0.5,1770422472272,86.97
0.5,0.41,0.81,0.5,1770422472380,86.96
0.5,0.19,0.59,0.5,1770422472519,86.96
0.5,0.19,0.81,0.5,1770422472520,86.96
0.46,0.19,0.81,0.5,1770422473040,86.96
0.46,0.43,0.81,0.54,1770422473063,86.96
0.46,0.19,0.57,0.54,1770422473210,86.96
0.46,0.19,0.81,0.54,1770422473220,86.96
0.46,0.44,0.81,0.54,1770422473760,86.9
0.46,0.19,0.56,0.54,1770422473962,86.9
0.46,0.45,0.81,0.54,1770422474025,86.9
0.46,0.19,0.55,0.54,1770422474136,86.9
0.46,0.46,0.81,0.54,1770422474255,86.9
0.46,0.19,0.54,0.54,1770422474527,86.86
0.46,0.19,0.81,0.54,1770422474651,86.86
0.46,0.48,0.81,0.54,1770422474819,86.86
0.46,0.19,0.52,0.54,1770422475238,86.86
0.46,0.19,0.81,0.54,1770422475239,86.86
0.46,0.49,0.81,0.54,1770422475548,86.82
0.46,0.49,0.51,0.54,1770422475557,86.82
0.46,0.19,0.51,0.54,1770422475955,86.82
0.46,0.19,0.81,0.54,1770422475956,86.82
0.46,0.49,0.81,0.54,1770422476002,86.82
0.46,0.49,0.51,0.54,1770422476016,86.82
0.46,0.19,0.51,0.54,1770422479739,86.84
0.46,0.46,0.81,0.54,1770422480074,86.84
0.46,0.19,0.54,0.54,1770422481097,86.85
0.46,0.19,0.81,0.54,1770422481406,86.84
0.46,0.48,0.81,0.54,1770422481524,86.84
0.46,0.19,0.52,0.54,1770422481589,86.84
0.46,0.19,0.81,0.54,1770422481590,86.84
0.46,0.49,0.81,0.54,1770422482114,86.84
0.46,0.19,0.51,0.54,1770422482190,86.84
0.46,0.19,0.81,0.54,1770422482198,86.84
0.46,0.49,0.81,0.54,1770422482402,86.79
0.46,0.19,0.51,0.54,1770422482493,86.79
0.46,0.49,0.81,0.54,1770422482617,86.79
0.46,0.49,0.51,0.54,1770422483219,86.79
0.46,0.19,0.51,0.54,1770422485394,86.85
0.46,0.44,0.81,0.54,1770422485498,86.85
0.46,0.44,0.56,0.54,1770422486332,86.88
0.47,0.44,0.56,0.54,1770422486966,86.88
0.47,0.19,0.56,0.53,1770422490311,86.91
0.46,0.19,0.81,0.53,1770422490479,86.87
0.46,0.46,0.81,0.54,1770422490480,86.87
0.46,0.19,0.54,0.54,1770422490526,86.87
0.46,0.19,0.81,0.54,1770422490528,86.87
0.46,0.47,0.81,0.54,1770422490882,86.87
0.46,0.47,0.53,0.54,1770422490922,86.87
0.46,0.06,0.53,0.54,1770422492528,86.83
0.46,0.06,0.94,0.54,1770422492529,86.83
0.46,0.48,0.94,0.54,1770422493389,86.81
0.46,0.48,0.52,0.54,1770422493390,86.81
0.46,0.06,0.52,0.54,1770422493475,86.81
0.46,0.06,0.94,0.54,1770422493729,86.81
0.46,0.5,0.94,0.54,1770422493811,86.81
0.46,0.5,0.5,0.54,1770422493984,86.81
0.46,0.06,0.5,0.54,1770422494253,86.81
0.46,0.06,0.94,0.54,1770422494259,86.81
0.46,0.51,0.94,0.54,1770422494312,86.81
0.46,0.51,0.49,0.54,1770422494566,86.78
0.46,0.06,0.49,0.54,1770422494638,86.78
0.46,0.52,0.94,0.54,1770422495213,86.78
0.46,0.06,0.48,0.54,1770422495769,86.75
0.46,0.06,0.94,0.54,1770422495770,86.75
0.46,0.52,0.94,0.54,1770422496431,86.72
0.46,0.06,0.48,0.54,1770422496578,86.72
0.46,0.06,0.94,0.54,1770422496629,86.72
0.46,0.38,0.94,0.54,1770422496684,86.72
0.46,0.38,0.62,0.54,1770422496693,86.72
0.46,0.53,0.62,0.54,1770422496890,86.72
0.46,0.53,0.47,0.54,1770422496955,86.72
0.46,0.38,0.47,0.54,1770422502042,86.77
0.46,0.38,0.62,0.54,1770422502045,86.77
0.46,0.49,0.62,0.54,1770422502678,86.8
0.46,0.38,0.51,0.54,1770422503121,86.8
0.46,0.38,0.62,0.54,1770422503430,86.79
0.46,0.5,0.62,0.54,1770422503437,86.79
0.46,0.38,0.5,0.54,1770422504127,86.79
0.46,0.52,0.62,0.54,1770422505231,86.77
0.46,0.52,0.48,0.54,1770422505731,86.75
0.46,0.38,0.62,0.54,1770422505924,86.75
0.46,0.53,0.62,0.54,1770422506375,86.71
0.46,0.53,0.47,0.54,1770422506445,86.71
0.46,0.38,0.47,0.54,1770422507303,86.71
0.46,0.38,0.62,0.54,1770422507633,86.75
0.46,0.48,0.62,0.54,1770422507708,86.75
0.46,0.48,0.52,0.54,1770422507709,86.75
0.46,0.38,0.52,0.54,1770422508122,86.75
0.46,0.38,0.62,0.54,1770422508284,86.75
0.46,0.5,0.62,0.54,1770422508424,86.8
0.46,0.38,0.5,0.54,1770422508835,86.8
0.46,0.38,0.62,0.54,1770422508836,86.8
0.46,0.51,0.62,0.54,1770422509811,86.76
0.46,0.51,0.49,0.54,1770422513572,86.76
0.46,0.38,0.49,0.54,1770422514988,86.79
0.46,0.38,0.62,0.54,1770422515190,86.79
0.46,0.48,0.62,0.54,1770422515233,86.79
0.46,0.48,0.52,0.54,1770422515289,86.79
0.46,0.06,0.52,0.54,1770422515918,86.83
0.46,0.34,0.94,0.54,1770422516075,86.83
0.46,0.34,0.66,0.54,1770422516126,86.83
0.46,0.48,0.66,0.54,1770422517240,86.8
0.46,0.34,0.52,0.54,1770422517719,86.8
0.46,0.49,0.66,0.54,1770422518344,86.8
0.46,0.49,0.51,0.54,1770422521149,86.82
0.46,0.34,0.51,0.54,1770422523775,86.81
0.46,0.45,0.66,0.54,1770422523894,86.81
0.46,0.45,0.55,0.54,1770422523895,86.81
0.47,0.45,0.55,0.54,1770422525318,86.9
0.47,0.45,0.55,0.53,1770422525473,86.9
0.46,0.45,0.55,0.53,1770422525507,86.9
0.46,0.3,0.55,0.54,1770422525562,86.9
0.49,0.3,0.7,0.54,1770422525708,86.9
0.49,0.3,0.7,0.51,1770422525721,86.9
0.49,0.39,0.7,0.51,1770422526103,86.9
0.49,0.3,0.61,0.51,1770422526447,86.95
0.49,0.39,0.7,0.51,1770422526828,86.95
0.46,0.39,0.61,0.51,1770422526845,86.95
0.51,0.39,0.61,0.54,1770422527385,86.95
0.46,0.39,0.61,0.49,1770422527580,86.97
0.52,0.39,0.61,0.54,1770422527658,86.97
0.52,0.39,0.61,0.48,1770422527669,86.97
0.46,0.39,0.61,0.48,1770422528050,86.97
0.46,0.39,0.61,0.54,1770422528238,86.97
0.52,0.39,0.61,0.54,1770422528396,87.0
0.52,0.39,0.61,0.48,1770422528666,87.0
0.46,0.39,0.61,0.48,1770422529051,87.0
0.52,0.39,0.61,0.54,1770422529328,87.01
0.46,0.39,0.61,0.48,1770422529704,87.01
0.46,0.39,0.61,0.54,1770422529705,87.01
0.53,0.39,0.61,0.54,1770422529746,87.01
0.53,0.26,0.61,0.47,1770422529747,87.01
0.46,0.26,0.74,0.47,1770422529820,87.01
0.46,0.34,0.74,0.54,1770422529831,87.01
0.56,0.34,0.66,0.54,1770422529884,87.01
0.56,0.34,0.63,0.44,1770422529964,87.01
0.56,0.37,0.63,0.44,1770422529967,87.01
0.46,0.37,0.63,0.44,1770422530390,87.08
0.46,0.37,0.63,0.54,1770422530405,87.08
0.57,0.37,0.63,0.54,1770422530811,87.08
0.46,0.37,0.63,0.43,1770422530944,87.08
0.46,0.37,0.63,0.54,1770422530950,87.08
0.58,0.37,0.63,0.54,1770422531001,87.08
0.58,0.37,0.63,0.42,1770422531010,87.08
0.46,0.37,0.63,0.42,1770422531704,87.12
0.46,0.37,0.61,0.54,1770422531718,87.12
0.53,0.39,0.61,0.54,1770422531791,87.12
0.53,0.39,0.61,0.47,1770422531836,87.12
0.53,0.39,0.59,0.47,1770422531890,87.12
0.53,0.41,0.59,0.47,1770422531984,87.12
0.46,0.41,0.59,0.47,1770422532514,86.98
0.49,0.41,0.59,0.54,1770422533127,86.98
0.49,0.41,0.59,0.51,1770422533272,86.98
0.49,0.42,0.59,0.51,1770422535285,86.94
0.49,0.42,0.58,0.51,1770422535286,86.94
0.49,0.41,0.58,0.51,1770422535635,86.93
0.49,0.43,0.59,0.51,1770422535878,86.93
0.46,0.43,0.57,0.51,1770422539274,86.93
0.5,0.41,0.59,0.54,1770422539964,86.96
0.5,0.41,0.59,0.5,1770422540355,86.96
0.5,0.42,0.59,0.5,1770422546124,86.91
0.5,0.41,0.58,0.5,1770422546171,86.91
0.46,0.41,0.59,0.5,1770422546172,86.91
0.48,0.41,0.59,0.54,1770422546220,86.91
0.48,0.45,0.59,0.52,1770422546269,86.91
0.46,0.45,0.55,0.52,1770422546728,86.92
0.46,0.41,0.55,0.54,1770422546852,86.92
0.46,0.41,0.59,0.54,1770422546855,86.92
0.46,0.46,0.59,0.54,1770422547066,86.92
0.46,0.46,0.54,0.54,1770422547271,86.92
0.46,0.41,0.54,0.54,1770422548872,86.86
0.46,0.41,0.59,0.54,1770422549803,86.83
0.46,0.47,0.59,0.54,1770422550024,86.83
0.46,0.41,0.53,0.54,1770422550281,86.83
0.46,0.41,0.59,0.54,1770422550551,86.83
0.46,0.47,0.59,0.54,1770422551097,86.83
0.46,0.47,0.53,0.54,1770422551249,86.83
0.46,0.41,0.53,0.54,1770422559432,86.89
0.46,0.41,0.59,0.54,1770422559447,86.89
0.47,0.41,0.59,0.54,1770422559679,86.89
0.47,0.41,0.59,0.53,1770422560453,86.92
0.46,0.41,0.59,0.53,1770422560584,86.92
0.48,0.41,0.59,0.54,1770422561149,86.92
0.46,0.41,0.59,0.52,1770422561186,86.92
0.46,0.41,0.59,0.54,1770422561187,86.92
0.49,0.41,0.59,0.54,1770422561233,86.92
0.49,0.41,0.59,0.51,1770422561368,86.93
0.49,0.42,0.59,0.51,1770422562778,86.94
0.49,0.41,0.58,0.51,1770422562821,86.94
0.46,0.41,0.59,0.51,1770422562885,86.94
0.46,0.41,0.59,0.54,1770422563147,86.94
0.46,0.44,0.59,0.54,1770422563850,86.88
0.46,0.41,0.56,0.54,1770422564545,86.87
0.46,0.45,0.59,0.54,1770422564762,86.87
0.46,0.41,0.55,0.54,1770422576897,86.9
0.46,0.41,0.59,0.54,1770422577035,86.9
0.46,0.47,0.59,0.54,1770422577108,86.9
0.46,0.47,0.53,0.54,1770422577490,86.85
0.46,0.41,0.53,0.54,1770422577504,86.85
0.46,0.49,0.59,0.54,1770422577603,86.85
0.46,0.49,0.51,0.54,1770422578218,86.85
0.46,0.41,0.51,0.54,1770422580158,86.8
0.46,0.41,0.59,0.54,1770422580346,86.8
0.46,0.51,0.59,0.54,1770422580599,86.8
0.46,0.51,0.49,0.54,1770422580876,86.8
0.46,0.41,0.49,0.54,1770422585650,86.8
0.46,0.5,0.59,0.54,1770422585728,86.8
0.46,0.5,0.5,0.54,1770422585779,86.8
0.46,0.41,0.5,0.54,1770422589108,86.78
0.46,0.52,0.59,0.54,1770422589178,86.78
0.46,0.52,0.48,0.54,1770422589459,86.78
0.46,0.41,0.48,0.54,1770422592789,86.81
0.46,0.41,0.59,0.54,1770422592897,86.81
0.46,0.46,0.59,0.54,1770422592931,86.81
0.46,0.46,0.54,0.54,1770422593057,86.81
0.46,0.41,0.54,0.54,1770422593202,86.81
0.46,0.41,0.59,0.54,1770422593203,86.81
0.46,0.47,0.59,0.54,1770422593257,86.81
0.46,0.47,0.53,0.54,1770422593426,86.84
0.46,0.41,0.53,0.54,1770422593562,86.84
0.46,0.41,0.59,0.54,1770422594050,86.84
0.46,0.49,0.59,0.54,1770422595752,86.8
0.46,0.49,0.51,0.54,1770422596100,86.8
0.46,0.41,0.51,0.54,1770422597482,86.8
0.46,0.51,0.59,0.54,1770422597544,86.8
0.46,0.51,0.49,0.54,1770422600414,86.79
0.46,0.41,0.49,0.54,1770422607434,86.83
0.46,0.41,0.59,0.54,1770422607436,86.83
0.46,0.46,0.59,0.54,1770422607532,86.83
0.46,0.46,0.54,0.54,1770422607533,86.83
0.46,0.41,0.54,0.54,1770422612905,86.86
0.46,0.41,0.59,0.54,1770422612906,86.86
0.46,0.47,0.59,0.54,1770422615470,86.84
0.46,0.47,0.53,0.54,1770422616864,86.84
0.46,0.41,0.53,0.54,1770422623182,86.85
0.46,0.49,0.59,0.54,1770422623313,86.85
0.46,0.41,0.51,0.54,1770422623408,86.85
0.46,0.41,0.59,0.54,1770422623645,86.85
0.46,0.5,0.59,0.54,1770422624396,86.81
0.46,0.41,0.5,0.54,1770422625092,86.81
0.46,0.41,0.59,0.54,1770422625094,86.81
0.46,0.5,0.59,0.54,1770422625628,86.79
0.46,0.5,0.5,0.54,1770422625670,86.79
0.46,0.41,0.5,0.54,1770422631270,86.81
0.46,0.41,0.59,0.54,1770422631925,86.8
0.46,0.53,0.59,0.54,1770422632641,86.77
0.46,0.53,0.47,0.54,1770422632964,86.77
0.36,0.53,0.47,0.54,1770422655708,86.69
0.36,0.41,0.47,0.64,1770422655971,86.69
0.36,0.41,0.62,0.64,1770422656004,86.69
0.36,0.38,0.62,0.64,1770422656011,86.69
0.36,0.38,0.37,0.64,1770422656041,86.69
0.36,0.63,0.37,0.64,1770422656077,86.69
0.32,0.63,0.37,0.64,1770422656294,86.69
0.33,0.63,0.37,0.68,1770422656910,86.69
0.33,0.63,0.37,0.67,1770422656911,86.69
0.33,0.63,0.62,0.67,1770422657392,86.71
0.33,0.38,0.62,0.67,1770422657393,86.71
0.33,0.58,0.62,0.67,1770422657399,86.71
0.32,0.58,0.42,0.67,1770422660913,86.71
0.32,0.58,0.42,0.68,1770422660914,86.71
0.32,0.58,0.39,0.68,1770422662467,86.72
0.33,0.61,0.39,0.68,1770422663327,86.73
0.33,0.61,0.39,0.67,1770422663328,86.73
0.33,0.61,0.41,0.67,1770422664828,86.72
0.33,0.59,0.37,0.67,1770422664858,86.72
0.33,0.63,0.37,0.67,1770422664859,86.72
0.33,0.63,0.62,0.67,1770422673999,86.69
0.35,0.38,0.62,0.67,1770422674019,86.69
0.35,0.38,0.39,0.65,1770422674020,86.69
0.35,0.61,0.39,0.65,1770422675217,86.71
0.35,0.61,0.42,0.65,1770422676007,86.71
0.35,0.58,0.42,0.65,1770422676008,86.71
0.35,0.38,0.42,0.65,1770422676009,86.71
0.35,0.38,0.4,0.65,1770422676030,86.71
0.36,0.6,0.4,0.64,1770422676217,86.71
0.36,0.6,0.62,0.64,1770422677014,86.75
0.36,0.38,0.62,0.64,1770422677015,86.75
0.32,0.38,0.62,0.64,1770422677016,86.75
0.36,0.38,0.62,0.68,1770422677018,86.75
0.36,0.38,0.62,0.64,1770422677019,86.75
0.36,0.38,0.41,0.64,1770422677039,86.75
0.37,0.59,0.41,0.64,1770422677041,86.75
0.37,0.59,0.41,0.63,1770422677274,86.75
0.37,0.59,0.44,0.63,1770422681478,86.77
0.37,0.56,0.42,0.63,1770422681507,86.77
0.38,0.58,0.42,0.63,1770422681511,86.77
0.38,0.58,0.42,0.62,1770422681592,86.77
0.38,0.58,0.62,0.62,1770422681640,86.77
0.38,0.38,0.62,0.62,1770422681641,86.77
0.38,0.55,0.62,0.62,1770422681672,86.77
0.38,0.55,0.42,0.62,1770422681680,86.77
0.38,0.58,0.42,0.62,1770422683935,86.78
0.38,0.58,0.45,0.62,1770422683936,86.78
0.38,0.38,0.45,0.62,1770422683938,86.78
0.38,0.38,0.44,0.62,1770422683960,86.78
0.4,0.56,0.44,0.6,1770422684157,86.78
0.4,0.56,0.48,0.6,1770422685498,86.81
0.32,0.52,0.48,0.6,1770422685502,86.81
0.41,0.52,0.48,0.68,1770422685526,86.81
0.41,0.52,0.45,0.59,1770422685527,86.81
0.41,0.55,0.45,0.59,1770422685685,86.81
0.41,0.56,0.45,0.59,1770422720343,86.69
0.35,0.56,0.44,0.59,1770422720384,86.69
0.35,0.56,0.44,0.65,1770422720386,86.69
0.35,0.56,0.39,0.65,1770422720421,86.69
0.35,0.61,0.39,0.65,1770422720529,86.69
0.35,0.61,0.62,0.65,1770422721674,86.71
0.35,0.38,0.62,0.65,1770422721675,86.71
0.35,0.55,0.62,0.65,1770422722391,86.74
0.35,0.55,0.45,0.65,1770422725923,86.73
0.35,0.38,0.45,0.65,1770422732926,86.74
0.35,0.38,0.62,0.65,1770422732968,86.74
0.35,0.38,0.39,0.65,1770422732980,86.74
0.35,0.61,0.39,0.65,1770422733105,86.74
0.35,0.61,0.41,0.65,1770422733115,86.74
0.35,0.59,0.41,0.65,1770422733148,86.74
0.35,0.59,0.38,0.65,1770422733151,86.74
0.35,0.62,0.38,0.65,1770422733734,86.72
0.35,0.62,0.62,0.65,1770422734339,86.69
0.35,0.38,0.62,0.65,1770422734340,86.69
0.35,0.38,0.37,0.65,1770422734377,86.69
0.35,0.63,0.37,0.65,1770422734382,86.69
0.35,0.63,0.62,0.65,1770422735598,86.68
0.35,0.38,0.62,0.65,1770422735599,86.68
0.35,0.38,0.38,0.65,1770422735636,86.68
0.35,0.62,0.38,0.65,1770422735638,86.68
0.35,0.62,0.62,0.65,1770422735917,86.68
0.35,0.38,0.62,0.65,1770422735947,86.68
0.35,0.38,0.37,0.65,1770422735949,86.68
0.35,0.63,0.37,0.65,1770422736563,86.69
0.33,0.63,0.37,0.65,1770422739043,86.69
0.33,0.63,0.37,0.67,1770422739047,86.69
0.33,0.63,0.62,0.67,1770422739135,86.69
0.32,0.38,0.62,0.67,1770422739139,86.69
0.32,0.38,0.62,0.68,1770422739174,86.69
0.32,0.38,0.36,0.68,1770422739180,86.69
0.32,0.64,0.36,0.68,1770422739553,86.68
0.32,0.64,0.37,0.68,1770422739557,86.68
0.32,0.63,0.37,0.68,1770422739558,86.68
0.32,0.63,0.35,0.68,1770422739599,86.68
0.32,0.65,0.35,0.68,1770422739600,86.68
0.32,0.65,0.62,0.68,1770422739930,86.68
0.32,0.38,0.36,0.68,1770422739965,86.68
0.32,0.64,0.36,0.68,1770422739966,86.68
0.33,0.64,0.36,0.68,1770422740006,86.68
0.33,0.64,0.36,0.67,1770422740898,86.68
0.33,0.64,0.39,0.67,1770422740978,86.68
0.33,0.61,0.35,0.67,1770422741005,86.68
0.33,0.65,0.35,0.67,1770422741010,86.68
0.32,0.65,0.35,0.67,1770422741110,86.68
0.32,0.65,0.35,0.68,1770422742480,86.65
0.33,0.65,0.35,0.68,1770422747176,86.67
0.33,0.65,0.35,0.67,1770422747397,86.67
0.32,0.65,0.35,0.67,1770422749386,86.66
0.32,0.65,0.35,0.68,1770422749399,86.66
0.32,0.65,0.36,0.68,1770422749400,86.66
0.32,0.64,0.34,0.68,1770422749442,86.66
0.32,0.66,0.34,0.68,1770422749443,86.66
0.32,0.66,0.36,0.68,1770422753431,86.63
0.32,0.64,0.36,0.68,1770422753432,86.63
0.32,0.38,0.36,0.68,1770422753442,86.63
0.32,0.38,0.62,0.68,1770422753455,86.63
0.32,0.63,0.62,0.68,1770422753758,86.63
0.32,0.63,0.37,0.68,1770422753771,86.63
0.32,0.06,0.37,0.68,1770422753948,86.63
0.32,0.42,0.94,0.68,1770422754181,86.63
0.32,0.65,0.58,0.68,1770422754458,86.6
0.32,0.42,0.35,0.68,1770422754490,86.6
0.19,0.42,0.58,0.68,1770422754508,86.6
0.17,0.42,0.58,0.81,1770422754685,86.6
0.17,0.42,0.58,0.83,1770422754743,86.6
0.16,0.42,0.58,0.83,1770422755528,86.56
0.16,0.42,0.58,0.84,1770422755843,86.56
0.24,0.42,0.58,0.84,1770422756171,86.56
0.24,0.66,0.58,0.76,1770422756361,86.56
0.24,0.42,0.34,0.76,1770422756442,86.56
0.24,0.68,0.58,0.76,1770422756941,86.56
0.24,0.68,0.32,0.76,1770422758900,86.54
0.16,0.68,0.32,0.76,1770422762319,86.55
0.16,0.42,0.32,0.84,1770422762352,86.55
0.25,0.42,0.58,0.84,1770422762371,86.55
0.25,0.64,0.58,0.75,1770422762506,86.55
0.25,0.42,0.36,0.75,1770422762579,86.55
0.25,0.66,0.58,0.75,1770422762957,86.55
0.25,0.66,0.34,0.75,1770422764849,86.54
0.16,0.66,0.34,0.75,1770422765410,86.57
0.26,0.66,0.34,0.84,1770422766727,86.59
0.26,0.42,0.34,0.74,1770422767048,86.59
0.16,0.42,0.58,0.74,1770422767049,86.59
0.28,0.42,0.58,0.84,1770422767088,86.59
0.28,0.62,0.58,0.72,1770422767259,86.59
0.28,0.62,0.38,0.72,1770422767260,86.59
0.28,0.42,0.38,0.72,1770422769303,86.6
0.28,0.63,0.58,0.72,1770422769827,86.6
0.28,0.63,0.37,0.72,1770422770152,86.6
0.28,0.42,0.37,0.72,1770422772464,86.59
0.28,0.42,0.58,0.72,1770422772465,86.59
0.28,0.63,0.58,0.72,1770422773484,86.57
0.28,0.42,0.37,0.72,1770422774585,86.59
0.28,0.64,0.58,0.72,1770422775154,86.59
0.28,0.64,0.36,0.72,1770422775190,86.59
0.28,0.42,0.36,0.72,1770422776658,86.56
0.23,0.42,0.58,0.84,1770422776708,86.56
0.23,0.66,0.58,0.77,1770422777301,86.56
0.23,0.42,0.34,0.77,1770422777434,86.55
0.23,0.42,0.58,0.77,1770422777435,86.55
0.23,0.68,0.58,0.77,1770422778973,86.53
0.23,0.73,0.32,0.77,1770422780202,86.51
0.23,0.73,0.27,0.77,1770422780530,86.5
0.23,0.42,0.27,0.77,1770422780532,86.5
0.23,0.67,0.58,0.77,1770422780605,86.5
0.23,0.42,0.33,0.77,1770422780880,86.5
0.23,0.68,0.58,0.77,1770422781086,86.5
0.23,0.68,0.32,0.77,1770422781087,86.5
0.23,0.42,0.32,0.77,1770422785346,86.51
0.23,0.06,0.58,0.77,1770422785553,86.5
0.23,0.06,0.94,0.77,1770422785603,86.5
0.23,0.75,0.94,0.77,1770422785607,86.5
0.23,0.75,0.25,0.77,1770422785999,86.5
0.21,0.75,0.25,0.77,1770422786002,86.5
0.21,0.72,0.25,0.79,1770422786018,86.5
0.21,0.72,0.28,0.79,1770422786019,86.5
0.16,0.72,0.28,0.79,1770422786020,86.5
0.16,0.76,0.28,0.84,1770422786043,86.5
0.2,0.76,0.24,0.84,1770422786047,86.5
0.2,0.76,0.24,0.8,1770422786063,86.5
0.22,0.76,0.24,0.8,1770422786110,86.5
0.22,0.76,0.24,0.78,1770422786111,86.5
0.22,0.72,0.24,0.78,1770422787046,86.47
0.22,0.72,0.28,0.78,1770422787076,86.47
0.22,0.47,0.28,0.78,1770422787111,86.47
0.22,0.7,0.53,0.78,1770422787161,86.47
0.22,0.7,0.3,0.78,1770422787167,86.47
0.22,0.47,0.3,0.78,1770422790012,86.48
0.16,0.47,0.53,0.78,1770422790185,86.48
0.16,0.71,0.53,0.84,1770422790189,86.48
0.16,0.71,0.29,0.84,1770422790190,86.48
0.18,0.71,0.29,0.84,1770422790393,86.47
0.18,0.71,0.29,0.82,1770422790394,86.47
0.16,0.71,0.29,0.82,1770422790424,86.47
0.2,0.71,0.29,0.84,1770422790517,86.47
0.2,0.71,0.29,0.8,1770422790613,86.47
0.2,0.47,0.29,0.8,1770422798389,86.45
0.16,0.47,0.53,0.8,1770422798491,86.45
0.16,0.47,0.53,0.84,1770422798492,86.45
0.16,0.73,0.53,0.84,1770422798502,86.45
0.16,0.73,0.27,0.84,1770422798840,86.45
0.18,0.73,0.27,0.84,1770422801557,86.42
0.18,0.73,0.27,0.82,1770422801742,86.42
0.18,0.06,0.27,0.82,1770422804038,86.46
0.18,0.74,0.94,0.82,1770422804159,86.46
0.18,0.74,0.26,0.82,1770422804160,86.46
0.16,0.74,0.26,0.82,1770422804752,86.4
0.16,0.51,0.26,0.84,1770422805104,86.4
0.16,0.06,0.49,0.84,1770422805267,86.4
0.2,0.06,0.94,0.84,1770422805284,86.4
0.2,0.69,0.94,0.8,1770422805360,86.48
0.2,0.69,0.31,0.8,1770422805422,86.48
0.16,0.69,0.31,0.8,1770422805557,86.48
0.16,0.47,0.31,0.84,1770422805816,86.48
0.16,0.47,0.53,0.84,1770422805846,86.48
0.22,0.47,0.53,0.84,1770422806067,86.48
0.22,0.67,0.53,0.78,1770422806238,86.48
0.22,0.47,0.33,0.78,1770422806580,86.52
0.22,0.69,0.53,0.78,1770422806677,86.52
0.22,0.69,0.31,0.77,1770422807296,86.52
0.23,0.69,0.31,0.77,1770422807297,86.52
0.23,0.69,0.31,0.78,1770422807372,86.52
0.16,0.69,0.31,0.78,1770422807392,86.52
0.2,0.69,0.31,0.84,1770422807458,86.52
0.16,0.69,0.31,0.8,1770422807671,86.52
0.21,0.69,0.31,0.84,1770422807720,86.52
0.21,0.69,0.31,0.79,1770422807721,86.52
0.21,0.47,0.31,0.79,1770422808512,86.52
0.21,0.7,0.53,0.79,1770422808619,86.52
0.21,0.47,0.3,0.79,1770422808819,86.52
0.21,0.47,0.53,0.79,1770422809015,86.52
0.21,0.71,0.53,0.79,1770422809728,86.47
0.21,0.47,0.29,0.79,1770422810092,86.47
0.21,0.71,0.53,0.79,1770422810273,86.47
0.21,0.47,0.29,0.79,1770422811348,86.45
0.16,0.47,0.53,0.79,1770422811420,86.45
0.16,0.72,0.53,0.84,1770422811427,86.45
0.17,0.72,0.28,0.84,1770422812028,86.45
0.16,0.72,0.28,0.83,1770422812346,86.44
0.16,0.72,0.28,0.81,1770422812422,86.44
0.19,0.77,0.28,0.81,1770422812425,86.44
0.19,0.77,0.23,0.81,1770422812570,86.44
0.19,0.74,0.23,0.81,1770422815670,86.45
0.19,0.74,0.26,0.81,1770422815671,86.45
0.19,0.76,0.26,0.81,1770422815698,86.45
0.19,0.76,0.24,0.8,1770422815700,86.45
0.2,0.76,0.24,0.8,1770422817089,86.48
0.2,0.76,0.24,0.84,1770422817133,86.48
0.16,0.74,0.24,0.84,1770422817134,86.48
0.2,0.74,0.26,0.84,1770422817145,86.48
0.2,0.77,0.26,0.8,1770422817179,86.48
0.2,0.74,0.23,0.8,1770422817233,86.48
0.2,0.74,0.26,0.8,1770422817234,86.48
0.2,0.76,0.26,0.8,1770422817272,86.48
0.2,0.74,0.24,0.8,1770422817674,86.47
0.2,0.74,0.26,0.8,1770422817675,86.47
0.2,0.77,0.26,0.8,1770422817700,86.47
0.2,0.77,0.23,0.8,1770422817710,86.47
0.2,0.74,0.23,0.8,1770422817844,86.47
0.2,0.47,0.26,0.8,1770422817857,86.47
0.2,0.47,0.23,0.8,1770422817866,86.47
0.2,0.77,0.23,0.8,1770422818822,86.43
0.2,0.77,0.25,0.8,1770422820084,86.45
0.2,0.47,0.25,0.8,1770422820086,86.45
0.2,0.78,0.53,0.8,1770422820111,86.45
0.2,0.78,0.22,0.8,1770422820427,86.43
0.18,0.78,0.22,0.8,1770422821300,86.43
0.18,0.78,0.22,0.82,1770422821307,86.43
0.18,0.74,0.22,0.82,1770422822055,86.42
0.18,0.76,0.26,0.82,1770422822091,86.42
0.18,0.76,0.24,0.8,1770422822096,86.42
0.23,0.76,0.24,0.8,1770422822189,86.42
0.2,0.76,0.24,0.77,1770422822216,86.42
0.2,0.76,0.24,0.8,1770422822351,86.46
0.2,0.74,0.24,0.8,1770422823206,86.46
0.2,0.47,0.26,0.8,1770422823209,86.46
0.2,0.47,0.53,0.79,1770422823241,86.46
0.21,0.75,0.53,0.79,1770422823242,86.46
0.21,0.75,0.25,0.79,1770422823850,86.49
0.21,0.72,0.25,0.79,1770422824024,86.49
0.21,0.72,0.28,0.79,1770422824025,86.49
0.21,0.74,0.28,0.79,1770422824047,86.49
0.21,0.74,0.26,0.78,1770422824049,86.49
0.22,0.74,0.26,0.78,1770422824276,86.49
0.22,0.74,0.26,0.84,1770422824525,86.52
0.16,0.47,0.26,0.84,1770422824526,86.52
0.22,0.47,0.53,0.84,1770422824527,86.52
0.22,0.72,0.53,0.78,1770422824564,86.52
0.22,0.72,0.28,0.76,1770422824567,86.52
0.24,0.72,0.28,0.76,1770422824705,86.52
0.24,0.69,0.28,0.76,1770422825675,86.56
0.24,0.71,0.31,0.76,1770422825707,86.56
0.25,0.71,0.29,0.75,1770422825749,86.56
0.25,0.47,0.29,0.75,1770422825824,86.56
0.16,0.47,0.53,0.74,1770422825837,86.56
0.26,0.7,0.53,0.74,1770422825846,86.56
0.26,0.7,0.3,0.74,1770422825911,86.56
0.26,0.68,0.3,0.74,1770422826128,86.56
0.26,0.68,0.32,0.74,1770422826129,86.56
0.26,0.72,0.32,0.74,1770422826175,86.56
0.26,0.72,0.28,0.74,1770422826178,86.56
0.24,0.72,0.28,0.74,1770422826447,86.59
0.24,0.72,0.28,0.76,1770422826448,86.59
0.24,0.7,0.28,0.76,1770422827830,86.54
0.24,0.7,0.3,0.75,1770422827858,86.54
0.25,0.7,0.3,0.75,1770422827859,86.54
0.25,0.71,0.3,0.75,1770422827876,86.54
0.25,0.71,0.29,0.75,1770422828231,86.54
0.25,0.69,0.29,0.75,1770422829259,86.56
0.25,0.69,0.31,0.75,1770422829260,86.56
0.25,0.69,0.31,0.74,1770422829283,86.56
0.26,0.7,0.31,0.74,1770422829284,86.56
0.26,0.7,0.3,0.74,1770422829340,86.58
0.26,0.67,0.3,0.74,1770422831800,86.59
0.26,0.69,0.33,0.74,1770422831828,86.59
0.27,0.69,0.31,0.73,1770422831858,86.59
0.27,0.43,0.31,0.73,1770422831865,86.59
0.27,0.43,0.57,0.73,1770422831866,86.59
0.26,0.43,0.57,0.72,1770422831891,86.59
0.28,0.68,0.57,0.72,1770422831893,86.59
0.28,0.68,0.32,0.72,1770422832158,86.59
0.28,0.65,0.32,0.72,1770422832942,86.62
0.28,0.67,0.35,0.72,1770422832982,86.62
0.28,0.67,0.33,0.72,1770422832983,86.62
0.28,0.67,0.33,0.71,1770422832984,86.62
0.29,0.67,0.33,0.71,1770422833063,86.62
0.29,0.43,0.33,0.71,1770422833208,86.62
0.29,0.43,0.57,0.72,1770422833209,86.62
0.28,0.43,0.57,0.72,1770422833210,86.62
0.16,0.43,0.57,0.72,1770422833213,86.62
0.16,0.63,0.57,0.84,1770422833216,86.62
0.16,0.66,0.37,0.84,1770422833340,86.64
0.3,0.66,0.34,0.7,1770422833800,86.64
0.3,0.63,0.34,0.7,1770422834076,86.64
0.3,0.43,0.37,0.7,1770422834080,86.64
0.3,0.65,0.57,0.7,1770422834110,86.64
0.3,0.65,0.35,0.69,1770422834111,86.64
0.31,0.65,0.35,0.69,1770422834313,86.64
0.31,0.43,0.35,0.69,1770422834475,86.68
0.31,0.43,0.57,0.69,1770422834476,86.68
0.31,0.66,0.57,0.69,1770422834509,86.68
0.31,0.66,0.34,0.69,1770422835225,86.68
0.31,0.43,0.34,0.69,1770422836245,86.66
0.31,0.67,0.57,0.69,1770422836280,86.66
0.31,0.67,0.33,0.69,1770422837767,86.64
0.31,0.43,0.33,0.69,1770422837869,86.64
0.31,0.66,0.57,0.69,1770422837895,86.64
0.31,0.66,0.34,0.69,1770422837896,86.64
0.31,0.63,0.34,0.69,1770422837934,86.64
0.31,0.63,0.37,0.69,1770422837935,86.64
0.31,0.43,0.37,0.69,1770422837971,86.64
0.31,0.64,0.57,0.69,1770422837973,86.64
0.31,0.64,0.36,0.68,1770422837978,86.64
0.32,0.64,0.36,0.68,1770422838046,86.64
0.32,0.64,0.36,0.81,1770422838064,86.64
0.19,0.64,0.36,0.81,1770422838065,86.64
0.19,0.43,0.57,0.69,1770422838096,86.64
0.31,0.43,0.57,0.69,1770422838097,86.64
0.31,0.65,0.35,0.69,1770422838269,86.64
0.31,0.61,0.35,0.69,1770422839616,86.69
0.31,0.63,0.39,0.69,1770422839662,86.69
0.31,0.63,0.37,0.67,1770422839667,86.69
0.33,0.63,0.37,0.67,1770422839894,86.69
0.33,0.59,0.37,0.67,1770422841824,86.7
0.33,0.59,0.41,0.67,1770422841826,86.7
0.33,0.62,0.41,0.67,1770422841849,86.7
0.33,0.62,0.38,0.66,1770422841871,86.7
0.34,0.62,0.38,0.66,1770422843360,86.74
0.34,0.61,0.38,0.66,1770422843477,86.74
0.34,0.63,0.39,0.66,1770422843510,86.74
0.34,0.63,0.37,0.66,1770422843511,86.74
0.34,0.38,0.37,0.66,1770422843788,86.74
0.34,0.38,0.62,0.66,1770422843789,86.74
0.19,0.38,0.62,0.66,1770422843792,86.74
0.19,0.62,0.62,0.81,1770422843798,86.74
0.19,0.62,0.38,0.69,1770422843832,86.74
0.31,0.64,0.38,0.69,1770422843836,86.74
0.31,0.64,0.36,0.69,1770422843837,86.74
0.31,0.38,0.36,0.69,1770422844272,86.74
0.31,0.65,0.62,0.69,1770422844274,86.74
0.31,0.65,0.35,0.69,1770422844887,86.69
0.31,0.63,0.35,0.69,1770422847116,86.67
0.31,0.63,0.37,0.69,1770422847117,86.67
0.31,0.66,0.37,0.69,1770422847146,86.67
0.31,0.66,0.34,0.69,1770422847147,86.67
0.31,0.38,0.34,0.69,1770422849057,86.67
0.31,0.64,0.62,0.69,1770422849058,86.67
0.31,0.64,0.36,0.69,1770422849091,86.67
0.31,0.67,0.36,0.69,1770422849093,86.67
0.31,0.67,0.33,0.69,1770422849094,86.67
0.29,0.67,0.33,0.69,1770422849129,86.67
0.29,0.67,0.33,0.71,1770422849473,86.65
0.29,0.38,0.33,0.71,1770422849476,86.65
0.29,0.06,0.62,0.71,1770422849488,86.65
0.29,0.06,0.94,0.71,1770422849500,86.65
0.29,0.68,0.94,0.71,1770422849512,86.65
0.29,0.68,0.32,0.71,1770422850054,86.65
0.29,0.66,0.32,0.71,1770422850240,86.65
0.19,0.66,0.34,0.71,1770422850248,86.65
0.19,0.42,0.34,0.81,1770422850249,86.65
0.19,0.42,0.58,0.73,1770422850263,86.65
0.27,0.69,0.58,0.73,1770422850265,86.65
0.27,0.42,0.31,0.73,1770422850373,86.62
0.27,0.42,0.58,0.81,1770422850374,86.62
0.27,0.42,0.58,0.73,1770422850381,86.62
0.27,0.68,0.58,0.73,1770422850399,86.62
0.27,0.68,0.32,0.72,1770422850405,86.62
0.28,0.68,0.32,0.72,1770422850425,86.62
0.28,0.68,0.32,0.73,1770422850535,86.62
0.27,0.68,0.32,0.73,1770422850536,86.62
0.27,0.62,0.32,0.73,1770422850537,86.62
0.27,0.62,0.38,0.71,1770422850573,86.62
0.29,0.67,0.38,0.71,1770422850576,86.62
0.29,0.67,0.33,0.71,1770422850621,86.62
0.29,0.66,0.33,0.71,1770422854833,86.65
0.29,0.66,0.34,0.71,1770422854834,86.65
0.29,0.68,0.34,0.71,1770422854864,86.65
0.28,0.68,0.32,0.71,1770422857135,86.63
0.28,0.68,0.32,0.72,1770422857136,86.63
0.28,0.42,0.32,0.72,1770422857147,86.63
0.28,0.42,0.58,0.84,1770422857149,86.63
0.16,0.42,0.58,0.84,1770422857150,86.63
0.16,0.69,0.58,0.84,1770422857172,86.63
0.16,0.69,0.31,0.73,1770422857178,86.63
0.27,0.69,0.31,0.73,1770422857179,86.63
0.27,0.67,0.31,0.73,1770422862691,86.62
0.27,0.42,0.33,0.73,1770422862714,86.62
0.27,0.7,0.58,0.73,1770422862717,86.62
0.27,0.7,0.3,0.73,1770422862719,86.62
0.26,0.7,0.3,0.73,1770422862829,86.62
0.26,0.7,0.3,0.84,1770422862848,86.62
0.16,0.42,0.3,0.84,1770422862849,86.62
0.16,0.71,0.58,0.84,1770422862880,86.62
0.16,0.71,0.29,0.75,1770422862886,86.62
0.25,0.71,0.29,0.75,1770422862994,86.62
0.25,0.7,0.29,0.75,1770422863476,86.57
0.25,0.7,0.3,0.75,1770422863477,86.57
0.25,0.72,0.3,0.75,1770422863502,86.57
0.25,0.72,0.28,0.75,1770422863503,86.57
0.24,0.72,0.28,0.75,1770422864671,86.55
0.24,0.72,0.28,0.76,1770422864678,86.55
0.24,0.72,0.28,0.84,1770422864679,86.55
0.16,0.71,0.28,0.84,1770422864680,86.55
0.16,0.73,0.29,0.84,1770422864706,86.55
0.16,0.73,0.27,0.77,1770422864711,86.55
0.23,0.73,0.27,0.77,1770422864712,86.55
0.23,0.72,0.27,0.77,1770422865148,86.55
0.23,0.74,0.28,0.77,1770422865184,86.55
0.23,0.74,0.26,0.77,1770422865304,86.55
0.22,0.74,0.26,0.77,1770422866658,86.5
0.22,0.74,0.26,0.78,1770422866659,86.5
0.22,0.47,0.26,0.78,1770422866734,86.5
0.22,0.47,0.53,0.79,1770422866737,86.5
0.21,0.47,0.53,0.79,1770422866738,86.5
0.21,0.76,0.53,0.79,1770422866763,86.5
0.21,0.76,0.24,0.79,1770422866765,86.5
0.21,0.74,0.24,0.79,1770422867805,86.47
0.21,0.74,0.26,0.79,1770422867843,86.47
0.21,0.75,0.26,0.79,1770422867890,86.47
0.21,0.75,0.25,0.79,1770422867906,86.47
0.21,0.72,0.25,0.79,1770422868496,86.5
0.21,0.72,0.28,0.78,1770422868560,86.5
0.22,0.74,0.28,0.78,1770422868561,86.5
0.22,0.74,0.26,0.78,1770422868900,86.5
0.22,0.74,0.26,0.84,1770422868917,86.5
0.16,0.47,0.53,0.77,1770422868942,86.5
0.23,0.73,0.53,0.77,1770422868945,86.5
0.23,0.73,0.27,0.77,1770422869830,86.53
0.23,0.47,0.27,0.77,1770422869967,86.53
0.23,0.69,0.53,0.77,1770422869974,86.53
0.23,0.72,0.31,0.77,1770422870023,86.53
0.23,0.72,0.28,0.76,1770422870024,86.53
0.24,0.72,0.28,0.76,1770422870112,86.53
0.24,0.47,0.28,0.76,1770422874800,86.55
0.24,0.69,0.53,0.76,1770422874810,86.55
0.24,0.69,0.31,0.74,1770422874837,86.55
0.26,0.7,0.3,0.74,1770422874845,86.55
0.26,0.67,0.3,0.74,1770422875353,86.59
0.26,0.67,0.33,0.74,1770422875354,86.59
0.26,0.69,0.33,0.74,1770422875384,86.59
0.26,0.69,0.31,0.74,1770422875385,86.59
0.26,0.69,0.31,0.73,1770422875391,86.59
0.27,0.69,0.31,0.73,1770422875632,86.59
0.27,0.67,0.31,0.73,1770422877836,86.62
0.27,0.67,0.33,0.73,1770422877837,86.62
0.27,0.69,0.33,0.73,1770422877882,86.62
0.27,0.69,0.31,0.73,1770422879556,86.61
0.27,0.68,0.33,0.73,1770422879610,86.61
0.27,0.68,0.32,0.72,1770422879619,86.61
0.28,0.68,0.32,0.72,1770422879630,86.61
0.28,0.65,0.32,0.72,1770422879837,86.61
0.28,0.65,0.35,0.84,1770422879838,86.61
0.16,0.66,0.35,0.84,1770422879869,86.61
0.16,0.66,0.34,0.7,1770422879871,86.61
0.3,0.66,0.34,0.7,1770422879938,86.61
0.3,0.64,0.34,0.7,1770422880055,86.61
0.3,0.64,0.36,0.7,1770422880056,86.61
0.3,0.43,0.36,0.7,1770422880061,86.61
0.3,0.43,0.57,0.7,1770422880062,86.61
0.3,0.67,0.57,0.7,1770422880092,86.61
0.3,0.67,0.33,0.7,1770422880716,86.66
0.29,0.67,0.33,0.7,1770422880725,86.66
0.29,0.67,0.33,0.84,1770422880761,86.66
0.16,0.65,0.33,0.84,1770422880763,86.66
0.16,0.65,0.35,0.84,1770422880764,86.66
0.16,0.68,0.35,0.84,1770422880796,86.66
0.16,0.68,0.32,0.72,1770422880797,86.66
0.28,0.68,0.32,0.72,1770422881083,86.66
0.28,0.68,0.32,0.84,1770422881086,86.66
0.16,0.43,0.32,0.84,1770422881087,86.66
0.27,0.43,0.57,0.84,1770422881091,86.66
0.27,0.43,0.57,0.73,1770422881092,86.66
0.27,0.69,0.57,0.73,1770422881112,86.66
0.27,0.69,0.31,0.73,1770422881113,86.66
0.27,0.68,0.31,0.73,1770422881166,86.66
0.27,0.68,0.32,0.73,1770422881188,86.66
0.27,0.7,0.32,0.73,1770422881197,86.66
0.27,0.7,0.3,0.73,1770422881211,86.66
0.26,0.7,0.3,0.73,1770422881212,86.66
0.26,0.7,0.3,0.74,1770422881405,86.59
0.26,0.43,0.3,0.74,1770422881956,86.59
0.26,0.69,0.57,0.74,1770422881988,86.59
0.27,0.69,0.31,0.73,1770422882194,86.59
0.27,0.66,0.31,0.73,1770422882502,86.61
0.27,0.66,0.34,0.73,1770422882503,86.61
0.27,0.66,0.34,0.71,1770422882523,86.61
0.29,0.67,0.34,0.71,1770422882544,86.61
0.32,0.67,0.33,0.71,1770422882943,86.61
0.32,0.67,0.33,0.68,1770422883171,86.61
0.29,0.67,0.33,0.68,1770422883251,86.61
0.29,0.67,0.33,0.71,1770422883252,86.61
0.29,0.67,0.33,0.73,1770422883295,86.61
0.27,0.66,0.33,0.73,1770422883297,86.61
0.16,0.66,0.34,0.73,1770422883303,86.61
0.16,0.66,0.34,0.72,1770422883320,86.64
0.28,0.66,0.34,0.72,1770422883321,86.64
0.28,0.68,0.34,0.72,1770422883327,86.64
0.28,0.68,0.32,0.72,1770422883355,86.64
0.28,0.43,0.32,0.72,1770422884825,86.62
0.16,0.69,0.57,0.84,1770422884858,86.62
0.16,0.69,0.31,0.73,1770422884859,86.62
0.27,0.69,0.31,0.73,1770422885215,86.62
0.27,0.67,0.31,0.73,1770422885328,86.59
0.27,0.68,0.33,0.73,1770422885357,86.59
0.27,0.68,0.32,0.72,1770422885358,86.59
0.28,0.68,0.32,0.72,1770422885359,86.59
0.28,0.66,0.32,0.72,1770422887779,86.63
0.28,0.43,0.34,0.72,1770422887790,86.63
0.16,0.43,0.57,0.76,1770422887819,86.63
0.24,0.72,0.57,0.76,1770422887823,86.63
0.24,0.43,0.28,0.76,1770422887862,86.63
0.24,0.43,0.57,0.84,1770422887871,86.63
0.24,0.43,0.57,0.76,1770422887905,86.63
0.24,0.72,0.57,0.76,1770422887910,86.63
0.24,0.43,0.28,0.76,1770422887946,86.63
0.16,0.43,0.57,0.76,1770422887951,86.63
0.16,0.71,0.57,0.84,1770422887959,86.63
0.16,0.74,0.29,0.84,1770422887978,86.63
0.16,0.74,0.26,0.78,1770422887993,86.63
0.22,0.74,0.26,0.78,1770422888027,86.63
0.22,0.71,0.26,0.82,1770422888054,86.63
0.18,0.74,0.94,0.82,1770422888075,86.63
0.18,0.74,0.26,0.82,1770422888076,86.63
0.18,0.74,0.26,0.79,1770422888084,86.63
0.21,0.74,0.26,0.79,1770422888106,86.63
0.21,0.74,0.26,0.84,1770422888124,86.63
0.16,0.74,0.26,0.84,1770422888125,86.63
0.16,0.74,0.26,0.81,1770422888167,86.63
0.19,0.74,0.26,0.81,1770422888244,86.63
0.19,0.06,0.26,0.81,1770422888404,86.41
0.19,0.06,0.94,0.81,1770422888405,86.41
0.19,0.06,0.94,0.82,1770422888432,86.41
0.18,0.06,0.94,0.82,1770422888447,86.41
0.18,0.75,0.94,0.82,1770422888513,86.41
0.18,0.75,0.25,0.82,1770422888884,86.41
0.18,0.75,0.25,0.84,1770422889397,86.39
0.16,0.75,0.25,0.81,1770422889426,86.39
0.19,0.75,0.25,0.81,1770422889427,86.39
0.19,0.75,0.25,0.83,1770422891155,86.4
0.17,0.75,0.25,0.83,1770422891179,86.4
0.17,0.51,0.25,0.83,1770422891268,86.4
0.16,0.51,0.49,0.83,1770422891287,86.4
0.16,0.51,0.49,0.84,1770422891295,86.4
0.32,0.51,0.49,0.84,1770422891310,86.4
0.32,0.51,0.49,0.68,1770422891373,86.42
0.16,0.51,0.49,0.68,1770422891395,86.42
0.16,0.67,0.49,0.84,1770422891415,86.42
0.16,0.67,0.33,0.84,1770422891442,86.42
0.16,0.51,0.33,0.84,1770422891469,86.42
0.16,0.76,0.49,0.84,1770422891594,86.42
0.16,0.76,0.24,0.84,1770422891603,86.42
0.16,0.76,0.24,0.83,1770422891860,86.42
0.17,0.76,0.24,0.83,1770422892017,86.42
0.17,0.8,0.24,0.83,1770422893078,86.41
0.17,0.8,0.2,0.83,1770422893228,86.41
0.17,0.8,0.2,0.84,1770422894184,86.38
0.16,0.8,0.2,0.84,1770422894234,86.38
0.16,0.51,0.2,0.84,1770422894710,86.39
0.16,0.79,0.49,0.84,1770422894747,86.39
0.16,0.79,0.21,0.83,1770422894757,86.39
0.17,0.79,0.21,0.83,1770422895212,86.39
0.17,0.79,0.21,0.84,1770422895246,86.39
0.16,0.77,0.21,0.84,1770422895247,86.39
0.16,0.78,0.23,0.84,1770422895286,86.39
0.16,0.78,0.22,0.84,1770422895287,86.39
0.18,0.78,0.22,0.82,1770422895838,86.4
0.18,0.51,0.22,0.82,1770422898978,86.43
0.18,0.77,0.49,0.82,1770422899009,86.43
0.19,0.77,0.23,0.81,1770422899214,86.43
0.19,0.77,0.23,0.84,1770422899255,86.43
0.16,0.74,0.26,0.8,1770422899280,86.43
0.2,0.76,0.24,0.8,1770422899281,86.43
0.2,0.74,0.24,0.8,1770422899795,86.45
0.2,0.74,0.26,0.84,1770422899797,86.45
0.16,0.47,0.26,0.84,1770422899802,86.45
0.16,0.75,0.53,0.84,1770422899819,86.45
0.16,0.75,0.25,0.79,1770422899820,86.45
0.21,0.75,0.25,0.79,1770422899994,86.45
0.21,0.47,0.25,0.79,1770422904945,86.49
0.21,0.47,0.53,0.79,1770422904946,86.49
0.21,0.74,0.53,0.79,1770422904986,86.49
0.22,0.74,0.26,0.78,1770422905092,86.49
0.22,0.71,0.26,0.78,1770422905132,86.49
0.22,0.71,0.29,0.78,1770422905133,86.49
0.16,0.71,0.29,0.77,1770422905152,86.49
0.23,0.73,0.29,0.77,1770422905158,86.49
0.23,0.73,0.27,0.77,1770422905260,86.49
0.23,0.47,0.27,0.77,1770422906065,86.53
0.23,0.47,0.53,0.76,1770422906098,86.53
0.24,0.72,0.53,0.76,1770422906099,86.53
0.24,0.72,0.28,0.76,1770422906996,86.57
0.24,0.68,0.28,0.76,1770422907005,86.57
0.24,0.68,0.32,0.84,1770422907006,86.57
0.16,0.71,0.32,0.84,1770422907033,86.57
0.16,0.71,0.29,0.75,1770422907034,86.57
0.25,0.71,0.29,0.75,1770422907249,86.57
0.25,0.68,0.29,0.75,1770422908246,86.58
0.25,0.68,0.32,0.75,1770422908247,86.58
0.25,0.68,0.32,0.74,1770422908298,86.58
0.26,0.68,0.32,0.74,1770422908299,86.58
0.26,0.7,0.32,0.74,1770422908311,86.58
0.26,0.7,0.3,0.74,1770422908458,86.59
0.26,0.43,0.3,0.74,1770422908584,86.59
0.26,0.69,0.57,0.74,1770422908604,86.59
0.26,0.69,0.31,0.73,1770422908605,86.59
0.27,0.69,0.31,0.73,1770422908654,86.59
0.27,0.66,0.31,0.73,1770422909026,86.59
0.27,0.66,0.34,0.73,1770422909027,86.59
0.16,0.68,0.34,0.84,1770422909052,86.59
0.28,0.68,0.32,0.72,1770422909088,86.59
0.28,0.68,0.32,0.73,1770422909125,86.59
0.27,0.43,0.32,0.73,1770422909126,86.59
0.27,0.43,0.57,0.71,1770422909177,86.59
0.29,0.67,0.33,0.71,1770422909255,86.59
0.29,0.43,0.33,0.71,1770422909531,86.65
0.29,0.43,0.57,0.71,1770422909532,86.65
0.29,0.66,0.57,0.71,1770422909565,86.65
0.29,0.66,0.34,0.7,1770422909567,86.65
0.3,0.66,0.34,0.7,1770422909589,86.65
0.3,0.63,0.34,0.7,1770422909607,86.65
0.3,0.63,0.37,0.7,1770422909608,86.65
0.3,0.63,0.37,0.71,1770422909610,86.65
0.16,0.63,0.37,0.71,1770422909625,86.65
0.16,0.66,0.37,0.84,1770422909640,86.65
0.16,0.66,0.34,0.7,1770422909644,86.65
0.3,0.66,0.34,0.7,1770422909748,86.65
0.3,0.06,0.34,0.7,1770422910002,86.65
0.3,0.06,0.94,0.7,1770422910006,86.65
0.3,0.67,0.37,0.7,1770422910007,86.65
0.3,0.67,0.33,0.7,1770422910047,86.65
0.3,0.63,0.33,0.7,1770422910477,86.66
0.3,0.63,0.37,0.69,1770422910501,86.66
0.31,0.65,0.35,0.69,1770422910505,86.66
0.31,0.65,0.35,0.84,1770422910549,86.66
0.16,0.38,0.35,0.84,1770422910553,86.66
0.16,0.64,0.62,0.84,1770422910597,86.66
0.16,0.64,0.36,0.84,1770422910598,86.66
0.16,0.64,0.36,0.68,1770422910599,86.66
0.32,0.64,0.36,0.68,1770422910622,86.66
0.32,0.38,0.36,0.68,1770422910635,86.66
0.16,0.38,0.62,0.69,1770422910660,86.66
0.16,0.38,0.62,0.84,1770422910661,86.66
0.16,0.62,0.62,0.84,1770422910670,86.66
0.16,0.62,0.38,0.66,1770422910675,86.66
0.34,0.62,0.38,0.66,1770422910692,86.66
0.34,0.58,0.38,0.66,1770422911031,86.66
0.34,0.61,0.42,0.66,1770422911052,86.66
0.34,0.61,0.39,0.65,1770422911064,86.66
0.35,0.58,0.39,0.65,1770422911129,86.66
0.35,0.58,0.42,0.66,1770422911130,86.66
0.2,0.58,0.42,0.66,1770422911136,86.66
0.2,0.6,0.42,0.8,1770422911157,86.66
0.2,0.6,0.4,0.64,1770422911158,86.66
0.36,0.6,0.4,0.64,1770422911274,86.66
0.36,0.58,0.4,0.64,1770422911280,86.66
0.36,0.61,0.42,0.64,1770422911326,86.75
0.36,0.58,0.39,0.64,1770422911565,86.75
0.36,0.38,0.42,0.64,1770422911579,86.75
0.36,0.38,0.62,0.64,1770422911580,86.75
0.36,0.59,0.62,0.64,1770422911598,86.75
0.37,0.59,0.41,0.63,1770422911599,86.75
0.37,0.38,0.41,0.63,1770422911669,86.75
0.2,0.57,0.62,0.8,1770422911674,86.75
0.2,0.61,0.43,0.8,1770422911716,86.75
0.2,0.61,0.39,0.65,1770422911720,86.75
0.35,0.61,0.39,0.65,1770422911721,86.75
0.35,0.57,0.39,0.65,1770422911748,86.75
0.33,0.57,0.43,0.8,1770422911762,86.75
0.33,0.57,0.43,0.67,1770422911763,86.75
0.33,0.57,0.43,0.66,1770422911777,86.75
0.34,0.62,0.43,0.66,1770422911778,86.75
0.34,0.62,0.38,0.66,1770422912081,86.75
0.34,0.58,0.38,0.66,1770422912764,86.75
0.34,0.58,0.42,0.66,1770422912765,86.75
0.34,0.61,0.42,0.66,1770422912835,86.75
0.35,0.61,0.39,0.65,1770422913135,86.75
0.35,0.34,0.39,0.65,1770422914902,86.75
0.35,0.61,0.66,0.65,1770422914903,86.75
0.33,0.61,0.37,0.8,1770422914904,86.75
0.2,0.61,0.39,0.69,1770422914933,86.75
0.31,0.61,0.39,0.69,1770422914934,86.75
0.31,0.65,0.39,0.69,1770422914943,86.75
0.31,0.65,0.35,0.69,1770422915023,86.75
0.31,0.65,0.35,0.7,1770422915324,86.67
0.3,0.38,0.62,0.7,1770422915347,86.67
0.3,0.66,0.62,0.7,1770422915348,86.67
0.3,0.66,0.34,0.7,1770422915395,86.67
0.3,0.66,0.34,0.8,1770422915762,86.67
0.2,0.38,0.62,0.71,1770422915782,86.67
0.29,0.67,0.62,0.71,1770422915794,86.67
0.29,0.67,0.33,0.71,1770422915870,86.67
0.29,0.67,0.33,0.84,1770422915919,86.67
0.16,0.38,0.62,0.84,1770422915920,86.67
0.28,0.38,0.62,0.84,1770422915929,86.67
0.28,0.69,0.62,0.72,1770422915953,86.67
0.28,0.69,0.31,0.72,1770422915954,86.67
0.28,0.67,0.31,0.72,1770422916199,86.67
0.28,0.67,0.33,0.72,1770422916200,86.67
0.28,0.68,0.33,0.72,1770422916225,86.67
0.28,0.68,0.32,0.72,1770422916227,86.67
0.28,0.67,0.32,0.72,1770422916667,86.61
0.28,0.42,0.33,0.72,1770422916680,86.61
0.28,0.66,0.58,0.72,1770422916705,86.61
0.28,0.66,0.34,0.7,1770422916706,86.61
0.3,0.66,0.34,0.7,1770422916797,86.61
0.3,0.64,0.34,0.7,1770422916926,86.61
0.3,0.64,0.36,0.7,1770422916927,86.61
0.3,0.65,0.36,0.7,1770422916957,86.61
0.3,0.65,0.35,0.69,1770422916961,86.61
0.31,0.65,0.35,0.7,1770422917055,86.61
0.3,0.65,0.35,0.7,1770422917095,86.61
0.3,0.42,0.58,0.7,1770422917096,86.61
0.3,0.66,0.58,0.7,1770422917117,86.61
0.3,0.42,0.34,0.7,1770422917853,86.66
0.3,0.42,0.58,0.7,1770422917854,86.66
0.3,0.67,0.58,0.7,1770422917883,86.66
0.3,0.67,0.33,0.7,1770422917884,86.66
0.16,0.67,0.33,0.7,1770422918152,86.66
0.16,0.67,0.33,0.72,1770422918195,86.66
0.28,0.67,0.33,0.72,1770422918196,86.66
0.28,0.68,0.33,0.72,1770422919063,86.66
0.28,0.68,0.32,0.72,1770422919064,86.66
0.16,0.68,0.32,0.72,1770422919166,86.66
0.16,0.68,0.32,0.84,1770422919290,86.63
0.22,0.68,0.32,0.84,1770422919369,86.63
0.22,0.68,0.32,0.78,1770422919649,86.63
0.16,0.68,0.32,0.78,1770422920112,86.63
0.23,0.68,0.32,0.84,1770422920754,86.57
0.23,0.68,0.32,0.77,1770422921722,86.57
0.23,0.69,0.32,0.77,1770422921987,86.57
0.23,0.69,0.31,0.77,1770422922229,86.57
0.23,0.68,0.31,0.77,1770422922363,86.54
0.16,0.68,0.32,0.77,1770422922369,86.54
0.19,0.68,0.32,0.84,1770422922607,86.54
0.19,0.68,0.32,0.81,1770422922608,86.54
0.19,0.69,0.32,0.81,1770422922647,86.54
0.16,0.69,0.31,0.81,1770422922663,86.54
0.16,0.69,0.31,0.84,1770422922664,86.54
0.21,0.69,0.31,0.84,1770422922714,86.54
0.21,0.69,0.31,0.79,1770422924101,86.55
0.23,0.73,0.31,0.77,1770422924102,86.55
0.23,0.73,0.27,0.77,1770422924212,86.55
0.23,0.42,0.27,0.77,1770422925665,86.53
0.23,0.42,0.58,0.77,1770422925666,86.53
0.23,0.74,0.58,0.77,1770422925711,86.53
0.23,0.74,0.26,0.77,1770422925728,86.53
0.23,0.42,0.26,0.77,1770422925815,86.53
0.23,0.42,0.58,0.77,1770422925816,86.53
0.23,0.69,0.58,0.77,1770422925852,86.53
0.23,0.69,0.31,0.76,1770422925858,86.53
0.24,0.72,0.31,0.76,1770422925867,86.53
0.24,0.72,0.28,0.76,1770422926035,86.53
0.24,0.69,0.28,0.76,1770422926339,86.58
0.24,0.71,0.31,0.76,1770422926380,86.58
0.24,0.71,0.29,0.75,1770422926382,86.58
0.25,0.71,0.29,0.75,1770422926697,86.58
0.25,0.71,0.29,0.84,1770422926726,86.58
0.16,0.42,0.29,0.84,1770422926727,86.58
0.16,0.7,0.58,0.84,1770422926755,86.58
0.26,0.7,0.3,0.74,1770422927053,86.58
0.26,0.42,0.3,0.74,1770422927063,86.58
0.16,0.42,0.58,0.74,1770422927098,86.58
0.16,0.68,0.58,0.84,1770422927108,86.58
0.16,0.68,0.32,0.72,1770422927110,86.58
0.28,0.68,0.32,0.72,1770422927111,86.58
0.28,0.68,0.32,0.84,1770422927275,86.58
0.28,0.42,0.58,0.84,1770422927297,86.65
0.28,0.42,0.58,0.72,1770422927298,86.65
0.28,0.7,0.58,0.72,1770422927311,86.65
0.28,0.7,0.3,0.72,1770422927326,86.65
0.28,0.66,0.3,0.72,1770422927372,86.65
0.28,0.66,0.34,0.72,1770422927373,86.65
0.28,0.68,0.34,0.72,1770422927423,86.65
0.28,0.68,0.32,0.72,1770422927758,86.65
0.28,0.64,0.32,0.72,1770422928476,86.65
0.28,0.42,0.36,0.72,1770422928518,86.65
0.28,0.42,0.58,0.72,1770422928519,86.65
0.16,0.42,0.58,0.72,1770422928520,86.65
0.16,0.42,0.58,0.71,1770422928521,86.65
0.29,0.67,0.58,0.71,1770422928522,86.65
0.29,0.42,0.33,0.71,1770422928547,86.65
0.29,0.42,0.58,0.71,1770422928548,86.65
0.29,0.42,0.58,0.84,1770422928549,86.65
0.3,0.42,0.58,0.84,1770422928586,86.65
0.3,0.42,0.58,0.69,1770422928599,86.65
0.31,0.65,0.58,0.69,1770422928603,86.65
0.31,0.65,0.35,0.7,1770422928687,86.65
0.16,0.06,0.94,0.7,1770422928688,86.65
0.16,0.63,0.94,0.84,1770422928699,86.65
0.16,0.67,0.37,0.84,1770422928718,86.65
0.16,0.67,0.33,0.71,1770422928723,86.65
0.29,0.67,0.33,0.71,1770422928724,86.65
0.29,0.66,0.33,0.71,1770422929344,86.67
0.29,0.66,0.34,0.71,1770422929346,86.67
0.29,0.69,0.34,0.71,1770422929397,86.67
0.29,0.69,0.31,0.71,1770422929796,86.67
0.27,0.69,0.31,0.71,1770422929797,86.67
0.27,0.69,0.31,0.73,1770422929865,86.67
0.27,0.69,0.31,0.74,1770422929868,86.67
0.26,0.38,0.31,0.74,1770422929869,86.67
0.26,0.38,0.62,0.74,1770422929899,86.67
0.26,0.7,0.62,0.74,1770422929901,86.67
0.26,0.7,0.3,0.74,1770422929902,86.67
0.26,0.7,0.3,0.84,1770422930014,86.67
0.16,0.68,0.3,0.84,1770422930015,86.67
0.27,0.68,0.32,0.84,1770422930036,86.67
0.27,0.38,0.32,0.73,1770422930038,86.67
0.27,0.69,0.62,0.73,1770422930045,86.67
0.27,0.69,0.31,0.73,1770422930054,86.67
0.27,0.66,0.31,0.73,1770422930185,86.67
0.27,0.66,0.34,0.73,1770422930186,86.67
0.27,0.68,0.34,0.73,1770422930211,86.67
0.27,0.68,0.32,0.72,1770422930224,86.67
0.28,0.68,0.32,0.72,1770422930508,86.62
0.28,0.42,0.32,0.72,1770422931706,86.62
0.28,0.42,0.58,0.72,1770422931728,86.62
0.28,0.69,0.58,0.72,1770422931741,86.62
0.28,0.69,0.31,0.72,1770422932008,86.62
0.27,0.69,0.31,0.72,1770422932939,86.6
0.27,0.68,0.31,0.73,1770422932947,86.6
0.16,0.7,0.32,0.84,1770422932977,86.6
0.16,0.7,0.3,0.74,1770422932978,86.6
0.26,0.7,0.3,0.74,1770422933075,86.6
0.26,0.42,0.3,0.74,1770422933105,86.6
0.26,0.42,0.58,0.73,1770422933147,86.6
0.27,0.66,0.58,0.73,1770422933158,86.6
0.27,0.69,0.34,0.73,1770422933242,86.6
0.27,0.69,0.31,0.73,1770422933711,86.61
0.27,0.66,0.31,0.73,1770422933734,86.61
0.27,0.66,0.34,0.84,1770422933736,86.61
0.16,0.68,0.34,0.84,1770422933760,86.61
0.16,0.68,0.32,0.72,1770422933774,86.61
0.28,0.68,0.32,0.72,1770422933788,86.61
0.28,0.42,0.32,0.72,1770422934695,86.63
0.28,0.42,0.58,0.72,1770422934697,86.63
0.28,0.66,0.58,0.72,1770422934718,86.63
0.28,0.66,0.34,0.72,1770422934728,86.63
0.28,0.69,0.34,0.72,1770422934734,86.63
0.28,0.69,0.31,0.72,1770422935229,86.63
0.28,0.66,0.31,0.72,1770422935230,86.63
0.16,0.66,0.34,0.72,1770422935231,86.63
0.16,0.42,0.34,0.84,1770422935237,86.63
0.16,0.42,0.58,0.77,1770422935273,86.63
0.23,0.73,0.58,0.77,1770422935277,86.63
0.23,0.73,0.27,0.77,1770422935295,86.63
0.23,0.73,0.27,0.84,1770422935338,86.62
0.16,0.42,0.27,0.84,1770422935351,86.62
0.16,0.69,0.58,0.84,1770422935362,86.62
0.16,0.69,0.31,0.75,1770422935377,86.62
0.25,0.71,0.29,0.75,1770422935378,86.62
0.25,0.42,0.29,0.75,1770422936684,86.58
0.25,0.65,0.58,0.75,1770422936756,86.58
0.25,0.7,0.35,0.75,1770422936776,86.58
0.25,0.7,0.3,0.74,1770422936777,86.58
0.26,0.7,0.3,0.74,1770422936873,86.58
0.26,0.42,0.3,0.74,1770422937385,86.58
0.26,0.42,0.58,0.74,1770422937386,86.58
0.26,0.71,0.58,0.74,1770422937432,86.58
0.26,0.42,0.29,0.74,1770422937869,86.58
0.26,0.71,0.58,0.74,1770422937901,86.58
0.26,0.71,0.29,0.74,1770422937902,86.58
0.25,0.71,0.29,0.74,1770422938689,86.58
0.25,0.42,0.29,0.75,1770422938730,86.58
0.25,0.42,0.58,0.75,1770422938731,86.58
0.25,0.42,0.58,0.83,1770422938732,86.58
0.17,0.72,0.58,0.83,1770422938755,86.58
0.17,0.72,0.28,0.76,1770422938756,86.58
0.24,0.72,0.28,0.76,1770422938775,86.58
0.24,0.7,0.28,0.76,1770422942715,86.55
0.24,0.42,0.3,0.76,1770422942717,86.55
0.24,0.42,0.58,0.76,1770422942747,86.55
0.24,0.74,0.58,0.76,1770422942752,86.55
0.24,0.74,0.26,0.76,1770422943338,86.53
0.22,0.74,0.26,0.76,1770422943345,86.53
0.23,0.74,0.26,0.78,1770422943383,86.53
0.23,0.74,0.26,0.77,1770422943436,86.53
0.23,0.42,0.26,0.77,1770422943586,86.53
0.23,0.72,0.58,0.77,1770422943619,86.53
0.23,0.72,0.28,0.76,1770422943620,86.53
0.24,0.72,0.28,0.76,1770422943621,86.53
0.24,0.42,0.28,0.76,1770422944852,86.58
0.24,0.7,0.58,0.76,1770422944868,86.58
0.24,0.7,0.3,0.74,1770422944895,86.58
0.26,0.7,0.3,0.74,1770422944896,86.58
0.26,0.42,0.3,0.74,1770422946223,86.62
0.26,0.42,0.58,0.74,1770422946224,86.62
0.26,0.72,0.32,0.74,1770422946271,86.62
0.26,0.72,0.28,0.74,1770422946272,86.62
0.24,0.72,0.28,0.74,1770422946429,86.6
0.24,0.72,0.28,0.76,1770422948260,86.55
0.24,0.42,0.28,0.76,1770422948362,86.55
0.24,0.74,0.58,0.76,1770422948391,86.55
0.24,0.74,0.26,0.76,1770422948394,86.55
0.22,0.74,0.26,0.76,1770422948407,86.55
0.22,0.74,0.26,0.78,1770422948413,86.55
0.22,0.42,0.26,0.78,1770422948795,86.55
0.22,0.42,0.58,0.78,1770422948798,86.55
0.22,0.76,0.58,0.78,1770422948827,86.55
0.22,0.76,0.24,0.78,1770422949672,86.51
0.2,0.76,0.24,0.78,1770422950190,86.51
0.2,0.76,0.24,0.8,1770422950287,86.51
0.2,0.47,0.24,0.8,1770422951850,86.47
0.2,0.47,0.53,0.8,1770422951883,86.47
0.2,0.71,0.53,0.8,1770422953447,86.46
0.2,0.47,0.29,0.8,1770422953959,86.46
0.2,0.47,0.53,0.8,1770422953960,86.46
0.18,0.47,0.53,0.8,1770422953967,86.46
0.18,0.47,0.53,0.83,1770422954008,86.46
0.17,0.47,0.53,0.83,1770422954135,86.46
0.17,0.77,0.53,0.83,1770422954172,86.46
0.17,0.77,0.23,0.83,1770422954173,86.46
0.17,0.82,0.23,0.83,1770422959175,86.4
0.17,0.82,0.18,0.83,1770422959179,86.4
0.17,0.77,0.18,0.83,1770422960139,86.4
0.17,0.77,0.23,0.83,1770422960146,86.4
0.17,0.8,0.23,0.83,1770422960195,86.4
0.17,0.8,0.2,0.83,1770422961138,86.4
0.17,0.52,0.2,0.83,1770422961156,86.4
0.17,0.52,0.48,0.83,1770422961160,86.4
0.17,0.79,0.48,0.83,1770422961187,86.4
0.17,0.79,0.21,0.83,1770422961217,86.4
0.17,0.52,0.21,0.83,1770422961243,86.4
0.17,0.78,0.48,0.83,1770422961278,86.4
0.17,0.78,0.22,0.82,1770422961279,86.4
0.18,0.78,0.22,0.82,1770422961283,86.4
0.18,0.73,0.22,0.82,1770422962470,86.48
0.18,0.73,0.27,0.83,1770422962494,86.48
0.17,0.77,0.27,0.83,1770422962530,86.48
0.17,0.77,0.23,0.81,1770422962535,86.48
0.2,0.77,0.23,0.81,1770422962641,86.48
0.2,0.73,0.23,0.8,1770422962650,86.48
0.2,0.73,0.27,0.8,1770422962864,86.48
0.2,0.76,0.27,0.8,1770422967930,86.5
0.2,0.73,0.24,0.8,1770422969934,86.51
0.2,0.73,0.27,0.8,1770422969935,86.51
0.2,0.75,0.27,0.8,1770422969967,86.51
0.21,0.75,0.25,0.79,1770422970630,86.52
0.21,0.73,0.25,0.79,1770422970866,86.52
0.21,0.76,0.27,0.79,1770422970896,86.52
0.21,0.76,0.24,0.79,1770422970897,86.52
0.21,0.74,0.24,0.79,1770422970984,86.52
0.21,0.74,0.26,0.79,1770422970985,86.52
0.21,0.78,0.26,0.79,1770422971024,86.52
0.21,0.78,0.22,0.79,1770422971025,86.52
0.21,0.74,0.22,0.79,1770422971784,86.47
0.21,0.74,0.26,0.79,1770422971785,86.47
0.21,0.76,0.26,0.79,1770422971812,86.47
0.21,0.76,0.24,0.79,1770422971813,86.47
0.21,0.74,0.24,0.79,1770422973209,86.49
0.21,0.77,0.26,0.79,1770422973247,86.49
0.21,0.77,0.23,0.79,1770422973248,86.49
0.2,0.77,0.23,0.79,1770422973262,86.49
0.2,0.48,0.23,0.8,1770422973305,86.49
0.2,0.48,0.52,0.8,1770422973307,86.49
0.2,0.78,0.52,0.8,1770422973339,86.49
0.2,0.78,0.22,0.8,1770422973525,86.49
0.2,0.76,0.22,0.8,1770422975496,86.46
0.2,0.76,0.24,0.8,1770422975526,86.46
0.2,0.79,0.24,0.8,1770422975528,86.46
0.2,0.79,0.21,0.8,1770422975665,86.46
0.2,0.48,0.21,0.8,1770422975803,86.46
0.2,0.48,0.52,0.8,1770422975819,86.46
0.2,0.73,0.52,0.8,1770422976482,86.44
0.2,0.73,0.27,0.8,1770422976483,86.44
0.2,0.79,0.27,0.8,1770422977037,86.44
0.2,0.79,0.21,0.8,1770422977082,86.44
0.2,0.48,0.21,0.8,1770422977866,86.48
0.2,0.72,0.52,0.8,1770422978785,86.47
0.2,0.72,0.28,0.8,1770422978786,86.47
0.2,0.77,0.28,0.8,1770422985398,86.5
0.2,0.77,0.23,0.8,1770422985627,86.5
0.2,0.75,0.23,0.8,1770422986895,86.51
0.2,0.75,0.25,0.8,1770422986926,86.51
0.2,0.79,0.25,0.8,1770422986928,86.51
0.2,0.75,0.21,0.8,1770422988516,86.48
0.2,0.75,0.25,0.8,1770422990614,86.48
0.2,0.48,0.25,0.8,1770422998561,86.42
0.2,0.48,0.52,0.8,1770422998861,86.42
0.2,0.76,0.52,0.8,1770422998877,86.42
0.2,0.76,0.24,0.8,1770422998906,86.42
0.2,0.48,0.24,0.8,1770422999019,86.42
0.2,0.48,0.52,0.8,1770422999044,86.42
0.2,0.75,0.52,0.8,1770422999872,86.39
0.2,0.75,0.25,0.8,1770423000178,86.39
0.2,0.48,0.25,0.8,1770423000644,86.41
0.2,0.48,0.52,0.8,1770423000645,86.41
0.2,0.75,0.52,0.8,1770423000734,86.41
0.2,0.75,0.25,0.8,1770423000735,86.41
0.2,0.48,0.25,0.8,1770423002807,86.48
0.2,0.71,0.52,0.8,1770423002904,86.48
0.2,0.71,0.29,0.8,1770423003887,86.51
0.2,0.71,0.29,0.78,1770423008266,86.54
0.22,0.44,0.29,0.78,1770423008406,86.54
0.23,0.44,0.56,0.78,1770423008507,86.54
0.23,0.44,0.56,0.77,1770423008525,86.54
0.23,0.44,0.56,0.76,1770423008553,86.54
0.24,0.44,0.56,0.76,1770423008674,86.54
0.24,0.66,0.56,0.76,1770423008681,86.54
0.24,0.66,0.34,0.76,1770423008682,86.54
0.24,0.66,0.34,0.8,1770423008691,86.54
0.2,0.66,0.34,0.8,1770423008692,86.54
0.2,0.66,0.34,0.77,1770423008716,86.54
0.23,0.66,0.34,0.8,1770423008757,86.54
0.2,0.44,0.34,0.8,1770423008762,86.54
0.22,0.44,0.56,0.8,1770423008777,86.54
0.22,0.44,0.56,0.78,1770423008785,86.54
0.22,0.66,0.56,0.78,1770423009344,86.57
0.22,0.44,0.34,0.78,1770423009715,86.57
0.22,0.67,0.56,0.78,1770423010017,86.57
0.22,0.67,0.33,0.78,1770423011914,86.58
0.22,0.67,0.33,0.8,1770423011925,86.58
0.2,0.67,0.33,0.76,1770423011956,86.58
0.24,0.67,0.33,0.76,1770423011957,86.58
0.2,0.67,0.33,0.76,1770423012064,86.58
0.2,0.67,0.33,0.74,1770423012069,86.58
0.26,0.67,0.33,0.74,1770423012070,86.58
0.26,0.44,0.33,0.74,1770423012371,86.62
0.26,0.44,0.56,0.74,1770423012454,86.62
0.26,0.44,0.56,0.73,1770423012992,86.62
0.27,0.44,0.56,0.73,1770423012993,86.62
0.27,0.62,0.56,0.73,1770423013037,86.62
0.28,0.62,0.38,0.73,1770423013112,86.62
0.28,0.62,0.38,0.72,1770423013113,86.62
0.28,0.62,0.38,0.71,1770423014635,86.67
0.29,0.62,0.38,0.71,1770423014733,86.67
0.29,0.62,0.38,0.8,1770423014829,86.67
0.2,0.62,0.38,0.8,1770423014830,86.67
0.29,0.62,0.38,0.8,1770423014839,86.67
0.29,0.62,0.38,0.71,1770423014853,86.67
0.29,0.62,0.38,0.7,1770423021894,86.65
0.3,0.62,0.37,0.7,1770423021967,86.65
0.3,0.63,0.37,0.7,1770423022693,86.69
0.2,0.63,0.37,0.7,1770423024482,86.67
0.2,0.63,0.37,0.74,1770423024507,86.67
0.26,0.63,0.37,0.74,1770423024574,86.67
0.26,0.65,0.37,0.74,1770423025788,86.62
0.26,0.65,0.35,0.74,1770423026573,86.62
0.26,0.63,0.35,0.74,1770423027123,86.62
0.26,0.63,0.37,0.74,1770423027154,86.62
0.26,0.66,0.37,0.74,1770423027212,86.62
0.26,0.66,0.34,0.74,1770423027231,86.62
0.24,0.66,0.34,0.74,1770423032632,86.6
0.24,0.63,0.34,0.76,1770423032633,86.6
0.24,0.63,0.37,0.8,1770423032642,86.6
0.2,0.63,0.37,0.77,1770423032668,86.6
0.23,0.63,0.37,0.77,1770423032812,86.6
0.23,0.65,0.37,0.77,1770423034211,86.58
0.23,0.65,0.35,0.77,1770423034235,86.58
0.23,0.65,0.35,0.76,1770423034268,86.58
0.24,0.65,0.35,0.76,1770423034269,86.58
0.24,0.65,0.35,0.75,1770423035211,86.59
0.25,0.65,0.35,0.75,1770423035212,86.59
0.25,0.65,0.35,0.73,1770423038927,86.63
0.27,0.65,0.35,0.73,1770423038928,86.63
0.27,0.65,0.35,0.72,1770423041843,86.66
0.28,0.65,0.35,0.72,1770423041850,86.66
0.28,0.63,0.35,0.72,1770423043196,86.66
0.28,0.63,0.37,0.72,1770423043203,86.66
0.28,0.63,0.37,0.71,1770423043241,86.66
0.29,0.63,0.37,0.71,1770423043242,86.66
0.29,0.63,0.37,0.8,1770423043457,86.67
0.2,0.63,0.37,0.8,1770423043458,86.67
0.2,0.63,0.37,0.7,1770423043490,86.67
0.3,0.63,0.37,0.7,1770423043491,86.67
0.2,0.63,0.37,0.7,1770423045253,86.67
0.2,0.63,0.37,0.73,1770423045294,86.67
0.27,0.63,0.37,0.73,1770423045324,86.66
0.27,0.63,0.37,0.8,1770423045703,86.66
0.27,0.63,0.37,0.73,1770423045715,86.66
0.27,0.65,0.37,0.73,1770423046963,86.63
0.27,0.65,0.35,0.73,1770423046964,86.63
0.27,0.65,0.35,0.72,1770423056686,86.66
0.28,0.65,0.35,0.72,1770423056749,86.66
0.28,0.65,0.35,0.8,1770423056813,86.66
0.2,0.65,0.35,0.73,1770423056841,86.66
0.28,0.65,0.35,0.73,1770423056854,86.66
0.28,0.65,0.35,0.72,1770423061868,86.65
0.28,0.65,0.35,0.71,1770423061895,86.65
0.29,0.65,0.35,0.71,1770423062447,86.69
0.29,0.63,0.37,0.8,1770423062547,86.69
0.29,0.63,0.37,0.7,1770423062573,86.69
0.3,0.63,0.37,0.7,1770423063602,86.71
0.32,0.63,0.37,0.7,1770423063877,86.71
0.32,0.63,0.37,0.68,1770423064031,86.71
0.32,0.63,0.37,0.67,1770423067101,86.68
0.33,0.63,0.37,0.67,1770423067185,86.68
0.33,0.63,0.37,0.68,1770423067222,86.68
0.32,0.63,0.37,0.68,1770423067264,86.68
0.32,0.63,0.37,0.66,1770423070292,86.74
0.34,0.63,0.37,0.66,1770423070542,86.73
0.34,0.63,0.37,0.65,1770423072825,86.76
0.35,0.63,0.37,0.65,1770423072826,86.76
0.35,0.63,0.4,0.65,1770423075405,86.77
0.35,0.35,0.4,0.65,1770423075423,86.77
0.32,0.35,0.65,0.65,1770423075472,86.77
0.36,0.35,0.65,0.68,1770423075506,86.77
0.36,0.54,0.65,0.64,1770423075583,86.77
0.32,0.54,0.46,0.64,1770423078297,86.83
0.32,0.54,0.46,0.68,1770423078298,86.83
0.38,0.54,0.46,0.68,1770423078670,86.82
0.38,0.54,0.46,0.62,1770423079685,86.83
0.32,0.54,0.46,0.62,1770423079952,86.83
0.32,0.06,0.46,0.68,1770423079953,86.83
0.38,0.06,0.94,0.68,1770423080154,86.83
0.38,0.06,0.94,0.62,1770423080226,86.83
0.38,0.31,0.94,0.62,1770423080264,86.83
0.38,0.5,0.69,0.62,1770423080433,86.86
0.38,0.5,0.5,0.6,1770423080437,86.86
0.4,0.5,0.5,0.62,1770423080475,86.86
0.38,0.5,0.5,0.59,1770423080512,86.86
0.41,0.5,0.5,0.59,1770423080685,86.86
0.41,0.31,0.5,0.59,1770423080686,86.86
0.41,0.31,0.69,0.59,1770423081024,86.86
0.41,0.51,0.69,0.59,1770423081167,86.86
0.41,0.51,0.49,0.59,1770423081358,86.83
0.41,0.51,0.49,0.57,1770423081393,86.83
0.43,0.51,0.49,0.57,1770423081862,86.83
0.43,0.51,0.49,0.68,1770423081875,86.83
0.32,0.51,0.49,0.58,1770423081910,86.83
0.42,0.51,0.49,0.58,1770423081927,86.83
0.42,0.31,0.49,0.58,1770423088826,86.85
0.42,0.31,0.69,0.58,1770423088835,86.85
0.42,0.31,0.69,0.6,1770423088855,86.85
0.4,0.31,0.69,0.6,1770423088901,86.85
0.4,0.53,0.69,0.6,1770423089539,86.83
0.32,0.53,0.47,0.6,1770423089548,86.83
0.32,0.53,0.47,0.61,1770423089554,86.83
0.39,0.53,0.47,0.61,1770423089555,86.83
0.39,0.53,0.47,0.68,1770423089564,86.83
0.32,0.53,0.47,0.62,1770423089617,86.83
0.38,0.31,0.47,0.62,1770423089666,86.83
0.38,0.31,0.69,0.62,1770423089674,86.83
0.38,0.53,0.69,0.62,1770423090178,86.83
0.38,0.53,0.47,0.68,1770423090212,86.83
0.38,0.53,0.47,0.62,1770423090229,86.83
0.38,0.53,0.47,0.6,1770423090238,86.83
0.4,0.53,0.47,0.6,1770423090817,86.79
0.4,0.53,0.47,0.68,1770423090855,86.79
0.32,0.53,0.47,0.59,1770423090912,86.79
0.41,0.53,0.47,0.59,1770423091448,86.83
0.41,0.31,0.47,0.59,1770423093300,86.85
0.41,0.31,0.69,0.59,1770423093324,86.85
0.41,0.31,0.69,0.57,1770423093358,86.85
0.43,0.31,0.69,0.57,1770423093584,86.85
0.43,0.31,0.69,0.68,1770423093684,86.85
0.42,0.31,0.69,0.68,1770423093698,86.85
0.42,0.31,0.69,0.58,1770423093712,86.85
0.42,0.5,0.69,0.58,1770423093784,86.85
0.42,0.31,0.5,0.58,1770423096285,86.85
0.42,0.31,0.69,0.68,1770423096318,86.86
0.32,0.31,0.69,0.68,1770423096319,86.86
0.32,0.31,0.69,0.6,1770423096351,86.86
0.4,0.31,0.69,0.68,1770423097214,86.86
0.4,0.31,0.69,0.6,1770423097219,86.86
0.4,0.31,0.69,0.59,1770423097252,86.86
0.41,0.31,0.69,0.59,1770423097866,86.84
0.41,0.51,0.69,0.59,1770423097870,86.84
0.41,0.51,0.49,0.59,1770423099373,86.84
0.41,0.31,0.49,0.59,1770423107585,86.85
0.41,0.31,0.69,0.68,1770423107624,86.85
0.32,0.31,0.69,0.61,1770423107677,86.85
0.39,0.31,0.69,0.61,1770423108529,86.83
0.39,0.31,0.69,0.59,1770423108585,86.83
0.41,0.31,0.69,0.59,1770423108586,86.83
0.41,0.51,0.69,0.59,1770423108999,86.83
0.41,0.51,0.49,0.59,1770423109000,86.83
0.41,0.31,0.49,0.59,1770423111583,86.84
0.41,0.31,0.69,0.68,1770423111609,86.84
0.32,0.31,0.69,0.61,1770423111633,86.84
0.39,0.31,0.69,0.61,1770423115052,86.82
0.39,0.53,0.69,0.61,1770423115412,86.82
0.39,0.53,0.47,0.61,1770423115445,86.82
0.39,0.31,0.47,0.61,1770423115455,86.82
0.38,0.31,0.69,0.62,1770423115514,86.82
0.38,0.31,0.69,0.63,1770423115551,86.82
0.37,0.31,0.69,0.63,1770423115570,86.82
0.37,0.55,0.69,0.63,1770423115574,86.82
0.37,0.31,0.45,0.63,1770423116090,86.82
0.36,0.31,0.69,0.68,1770423116116,86.82
0.32,0.31,0.69,0.65,1770423116150,86.82
0.35,0.31,0.69,0.65,1770423116261,86.82
0.35,0.55,0.69,0.65,1770423116436,86.77
0.35,0.55,0.45,0.64,1770423116450,86.77
0.36,0.55,0.45,0.64,1770423116476,86.77
0.36,0.31,0.45,0.64,1770423117504,86.78
0.36,0.31,0.69,0.64,1770423117529,86.78
0.36,0.55,0.69,0.64,1770423119793,86.77
0.36,0.55,0.45,0.64,1770423119794,86.77
0.36,0.55,0.45,0.63,1770423119880,86.77
0.37,0.55,0.45,0.63,1770423119881,86.77
0.37,0.55,0.45,0.68,1770423120174,86.77
0.32,0.31,0.45,0.68,1770423120196,86.77
0.32,0.31,0.69,0.65,1770423120220,86.77
0.35,0.06,0.69,0.65,1770423120580,86.78
0.35,0.06,0.94,0.65,1770423120585,86.78
0.35,0.55,0.94,0.65,1770423120834,86.78
0.35,0.55,0.45,0.65,1770423120842,86.78
0.35,0.55,0.45,0.64,1770423120872,86.78
0.36,0.55,0.45,0.65,1770423120915,86.78
0.35,0.55,0.45,0.63,1770423120956,86.78
0.37,0.55,0.45,0.63,1770423121022,86.78
0.37,0.55,0.45,0.68,1770423121668,86.8
0.32,0.55,0.45,0.68,1770423121669,86.8
0.32,0.55,0.45,0.62,1770423121700,86.8
0.38,0.55,0.45,0.62,1770423121718,86.8
0.38,0.31,0.45,0.62,1770423123628,86.83
0.38,0.31,0.69,0.62,1770423123655,86.83
0.38,0.31,0.69,0.59,1770423123703,86.83
0.41,0.31,0.69,0.59,1770423124072,86.83
0.41,0.51,0.69,0.59,1770423124539,86.86
0.41,0.31,0.49,0.59,1770423124592,86.86
0.41,0.31,0.69,0.6,1770423124605,86.86
0.4,0.31,0.69,0.6,1770423124627,86.86
0.4,0.53,0.69,0.6,1770423124655,86.86
0.4,0.53,0.47,0.6,1770423124656,86.86
0.39,0.53,0.47,0.6,1770423124909,86.86
0.39,0.53,0.47,0.68,1770423124918,86.86
0.32,0.53,0.47,0.62,1770423124950,86.86
0.38,0.53,0.47,0.68,1770423125658,86.81
0.37,0.53,0.47,0.68,1770423125928,86.81
0.37,0.53,0.47,0.63,1770423125929,86.81
0.32,0.53,0.47,0.63,1770423126266,86.81
0.38,0.53,0.47,0.68,1770423126353,86.82
0.32,0.53,0.47,0.62,1770423127242,86.82
0.32,0.31,0.47,0.68,1770423128321,86.83
0.32,0.31,0.69,0.56,1770423128342,86.85
0.44,0.31,0.69,0.56,1770423128399,86.85
0.44,0.31,0.69,0.68,1770423128450,86.85
0.32,0.48,0.69,0.68,1770423128452,86.85
0.32,0.48,0.52,0.57,1770423128482,86.85
0.43,0.48,0.52,0.68,1770423128943,86.85
0.32,0.48,0.52,0.56,1770423129003,86.85
0.44,0.48,0.52,0.56,1770423129004,86.85
0.44,0.48,0.52,0.68,1770423129245,86.85
0.44,0.48,0.52,0.56,1770423129255,86.85
0.44,0.48,0.52,0.55,1770423129285,86.85
0.45,0.48,0.52,0.55,1770423129286,86.85
0.45,0.31,0.52,0.55,1770423130739,86.9
0.45,0.31,0.69,0.55,1770423130780,86.9
0.45,0.51,0.69,0.55,1770423130922,86.9
0.45,0.51,0.49,0.55,1770423131366,86.9
0.45,0.31,0.49,0.55,1770423131570,86.85
0.45,0.31,0.69,0.68,1770423131577,86.85
0.32,0.31,0.69,0.61,1770423131675,86.85
0.39,0.56,0.69,0.61,1770423131706,86.85
0.39,0.56,0.44,0.61,1770423131923,86.85
0.39,0.31,0.44,0.61,1770423132156,86.85
0.39,0.57,0.69,0.61,1770423132188,86.85
0.39,0.57,0.43,0.61,1770423132278,86.85
0.39,0.31,0.69,0.59,1770423132313,86.85
0.41,0.31,0.69,0.61,1770423132349,86.82
0.39,0.31,0.69,0.58,1770423132376,86.82
0.42,0.54,0.69,0.58,1770423132387,86.82
0.42,0.54,0.46,0.58,1770423132450,86.82
0.42,0.31,0.46,0.58,1770423132482,86.82
0.42,0.31,0.69,0.58,1770423132483,86.82
0.42,0.31,0.69,0.68,1770423132488,86.82
0.32,0.31,0.69,0.56,1770423132509,86.82
0.44,0.52,0.69,0.56,1770423132534,86.82
0.44,0.52,0.48,0.56,1770423132535,86.82
0.44,0.48,0.48,0.56,1770423134905,86.88
0.44,0.31,0.52,0.56,1770423134917,86.88
0.44,0.31,0.69,0.68,1770423134945,86.88
0.32,0.31,0.69,0.52,1770423135001,86.88
0.48,0.31,0.69,0.52,1770423135132,86.88
0.48,0.06,0.69,0.52,1770423135150,86.88
0.48,0.06,0.94,0.53,1770423135157,86.88
0.47,0.44,0.94,0.53,1770423135238,86.88
0.47,0.44,0.56,0.53,1770423135277,86.88
0.32,0.44,0.56,0.53,1770423137413,86.94
0.32,0.26,0.56,0.68,1770423137462,86.94
0.32,0.26,0.74,0.68,1770423137473,86.94
0.47,0.26,0.74,0.68,1770423137717,86.94
0.47,0.26,0.74,0.53,1770423137747,86.94
0.47,0.42,0.74,0.53,1770423137841,86.94
0.47,0.26,0.58,0.53,1770423138592,86.97
0.47,0.44,0.74,0.53,1770423138676,86.97
0.47,0.44,0.56,0.53,1770423138677,86.97
0.47,0.26,0.56,0.53,1770423138902,86.97
0.47,0.46,0.74,0.53,1770423139004,86.97
0.32,0.46,0.54,0.53,1770423139009,86.97
0.32,0.26,0.54,0.68,1770423139350,86.91
0.42,0.26,0.74,0.68,1770423139609,86.91
0.42,0.47,0.74,0.58,1770423139998,86.91
0.42,0.47,0.53,0.55,1770423140294,86.91
0.45,0.47,0.53,0.55,1770423140658,86.89
0.45,0.26,0.53,0.55,1770423140660,86.89
0.45,0.26,0.74,0.55,1770423141169,86.89
0.45,0.48,0.74,0.55,1770423141283,86.89
0.45,0.48,0.52,0.55,1770423141615,86.89
0.45,0.26,0.74,0.55,1770423141761,86.89
0.45,0.49,0.74,0.55,1770423142463,86.87
0.45,0.49,0.51,0.55,1770423142634,86.87
0.45,0.26,0.51,0.55,1770423142635,86.87
0.45,0.26,0.74,0.55,1770423142780,86.87
0.45,0.5,0.74,0.55,1770423143081,86.87
0.45,0.5,0.5,0.55,1770423143166,86.87
0.48,0.5,0.5,0.55,1770423146930,86.9
0.48,0.26,0.5,0.52,1770423147123,86.9
0.45,0.26,0.74,0.52,1770423147138,86.9
0.45,0.26,0.74,0.55,1770423147261,86.9
0.45,0.51,0.74,0.55,1770423147269,86.9
0.45,0.51,0.49,0.55,1770423147385,86.85
0.48,0.51,0.49,0.55,1770423147876,86.85
0.48,0.51,0.49,0.52,1770423147918,86.85
0.48,0.31,0.49,0.52,1770423148156,86.85
0.48,0.31,0.69,0.52,1770423148170,86.85
0.48,0.46,0.69,0.52,1770423149057,86.89
0.48,0.46,0.54,0.52,1770423149748,86.9
0.48,0.26,0.54,0.52,1770423150474,86.96
0.48,0.26,0.74,0.52,1770423150631,86.96
0.48,0.42,0.74,0.52,1770423150860,86.96
0.48,0.26,0.58,0.52,1770423151701,86.96
0.48,0.43,0.74,0.52,1770423151823,86.96
0.48,0.43,0.57,0.52,1770423152510,86.95
0.49,0.43,0.57,0.52,1770423152841,86.95
0.48,0.43,0.57,0.51,1770423153195,86.95
0.5,0.43,0.57,0.52,1770423153920,87.0
0.5,0.26,0.57,0.5,1770423163964,86.99
0.48,0.26,0.74,0.5,1770423163976,86.99
0.48,0.06,0.74,0.52,1770423164113,86.99
0.48,0.22,0.94,0.52,1770423164297,86.99
0.48,0.22,0.78,0.52,1770423164298,86.99
0.51,0.22,0.78,0.52,1770423165086,87.03
0.51,0.38,0.78,0.49,1770423165137,87.03
0.51,0.22,0.62,0.49,1770423165180,87.03
0.51,0.4,0.78,0.49,1770423165226,87.03
0.51,0.22,0.6,0.49,1770423171139,86.99
0.51,0.42,0.78,0.49,1770423171198,86.99
0.48,0.42,0.58,0.49,1770423171492,86.98
0.48,0.42,0.58,0.52,1770423172984,86.95
0.48,0.22,0.58,0.52,1770423173516,86.95
0.48,0.44,0.78,0.52,1770423173668,86.95
0.48,0.44,0.56,0.52,1770423173714,86.95
0.48,0.26,0.56,0.52,1770423173906,86.95
0.48,0.26,0.74,0.52,1770423174848,86.92
0.48,0.45,0.74,0.52,1770423174852,86.92
0.48,0.45,0.55,0.52,1770423175188,86.92
0.48,0.26,0.55,0.52,1770423178054,86.94
0.48,0.26,0.74,0.52,1770423178451,86.99
0.48,0.39,0.74,0.52,1770423178457,86.99
0.5,0.39,0.61,0.52,1770423178985,86.99
0.48,0.39,0.61,0.5,1770423179039,86.99
0.48,0.39,0.61,0.52,1770423179175,86.99
0.5,0.39,0.61,0.52,1770423180032,87.02
0.5,0.42,0.78,0.5,1770423180085,87.02
0.5,0.42,0.58,0.5,1770423180086,87.02
0.5,0.22,0.58,0.5,1770423180130,87.02
0.48,0.22,0.78,0.5,1770423180131,87.02
0.48,0.22,0.78,0.52,1770423180184,87.02
0.48,0.06,0.78,0.52,1770423180333,86.96
0.48,0.06,0.94,0.52,1770423180462,86.96
0.48,0.48,0.94,0.52,1770423180481,86.96
0.48,0.48,0.52,0.52,1770423180519,86.96
0.48,0.26,0.52,0.52,1770423194296,86.88
0.48,0.26,0.74,0.52,1770423194298,86.88
0.48,0.48,0.74,0.52,1770423195962,86.86
0.48,0.48,0.52,0.52,1770423196238,86.86
0.48,0.26,0.52,0.52,1770423215796,86.92
0.48,0.26,0.74,0.52,1770423215797,86.92
0.48,0.45,0.74,0.52,1770423217000,86.93
0.48,0.45,0.55,0.52,1770423217001,86.93
0.48,0.26,0.55,0.52,1770423221795,86.92
0.48,0.26,0.74,0.52,1770423222614,86.9
0.48,0.48,0.74,0.52,1770423223702,86.89
0.48,0.48,0.52,0.52,1770423223731,86.89
0.45,0.48,0.52,0.52,1770423223749,86.89
0.45,0.26,0.52,0.55,1770423224412,86.87
0.45,0.26,0.74,0.55,1770423224418,86.87
0.45,0.49,0.74,0.55,1770423224659,86.87
0.45,0.49,0.51,0.55,1770423224750,86.87
0.45,0.26,0.51,0.55,1770423240251,86.87
0.45,0.26,0.74,0.55,1770423240350,86.87
0.45,0.5,0.74,0.55,1770423240353,86.87
0.45,0.26,0.5,0.55,1770423240678,86.86
0.45,0.26,0.74,0.55,1770423240683,86.86
0.45,0.26,0.74,0.6,1770423240703,86.86
0.4,0.26,0.74,0.6,1770423240761,86.86
0.4,0.51,0.74,0.6,1770423240803,86.86
0.4,0.51,0.49,0.6,1770423240817,86.86
0.32,0.51,0.49,0.6,1770423243553,86.83
0.32,0.51,0.49,0.68,1770423243554,86.83
0.42,0.51,0.49,0.68,1770423243647,86.83
0.42,0.31,0.49,0.58,1770423252385,86.87
0.42,0.31,0.69,0.58,1770423252386,86.87
0.42,0.31,0.69,0.55,1770423252418,86.87
0.45,0.31,0.69,0.55,1770423252752,86.87
0.45,0.47,0.69,0.55,1770423252755,86.87
0.45,0.47,0.53,0.68,1770423252756,86.87
0.32,0.47,0.53,0.68,1770423252757,86.87
0.32,0.31,0.53,0.68,1770423252812,86.87
0.32,0.31,0.69,0.57,1770423252815,86.87
0.43,0.31,0.69,0.57,1770423254653,86.87
0.43,0.47,0.69,0.57,1770423255420,86.87
0.43,0.31,0.53,0.57,1770423259239,86.88
0.43,0.31,0.69,0.57,1770423259240,86.88
0.43,0.53,0.69,0.57,1770423259297,86.88
0.43,0.53,0.47,0.57,1770423259298,86.88
0.43,0.49,0.47,0.57,1770423259306,86.88
0.43,0.49,0.51,0.57,1770423259340,86.88
0.43,0.54,0.51,0.57,1770423259366,86.88
0.43,0.54,0.46,0.57,1770423259367,86.88
0.43,0.31,0.46,0.57,1770423271383,86.88
0.43,0.31,0.69,0.57,1770423271405,86.88
0.32,0.31,0.69,0.57,1770423271428,86.88
0.32,0.31,0.69,0.54,1770423271438,86.88
0.46,0.31,0.69,0.68,1770423271866,86.88
0.46,0.31,0.69,0.54,1770423271869,86.88
0.46,0.31,0.69,0.53,1770423271899,86.88
0.47,0.31,0.69,0.53,1770423271993,86.88
0.47,0.44,0.69,0.53,1770423272000,86.88
0.47,0.44,0.56,0.68,1770423272051,86.88
0.32,0.44,0.56,0.68,1770423272052,86.88
0.32,0.44,0.56,0.52,1770423272099,86.88
0.48,0.44,0.56,0.52,1770423272130,86.88
0.48,0.44,0.56,0.53,1770423272148,86.88
0.47,0.44,0.56,0.53,1770423272177,86.88
0.47,0.26,0.56,0.53,1770423275567,86.96
0.49,0.26,0.74,0.53,1770423275568,86.96
0.49,0.26,0.74,0.51,1770423275725,86.96
0.49,0.4,0.74,0.51,1770423275957,86.96
0.49,0.4,0.6,0.51,1770423276231,86.96
0.48,0.4,0.6,0.51,1770423276624,86.99
0.5,0.4,0.6,0.52,1770423276808,86.99
0.48,0.4,0.6,0.5,1770423278602,86.99
0.48,0.4,0.6,0.52,1770423279839,87.0
0.51,0.4,0.6,0.52,1770423280029,87.0
0.51,0.4,0.6,0.49,1770423280273,87.0
0.48,0.4,0.6,0.49,1770423290703,87.01
0.48,0.22,0.6,0.52,1770423290704,87.01
0.48,0.06,0.78,0.52,1770423293104,86.96
0.48,0.06,0.94,0.52,1770423293105,86.96
0.48,0.26,0.94,0.52,1770423293710,86.94
0.48,0.06,0.74,0.52,1770423298133,86.93
0.49,0.06,0.94,0.52,1770423311055,86.94
0.48,0.06,0.94,0.51,1770423311164,86.94
0.48,0.06,0.94,0.52,1770423311165,86.94
0.5,0.06,0.94,0.52,1770423312034,86.93
0.5,0.06,0.94,0.5,1770423312035,86.93
0.5,0.38,0.94,0.5,1770423313043,86.92
0.5,0.38,0.62,0.5,1770423313044,86.92
0.48,0.38,0.62,0.5,1770423313046,86.92
0.51,0.38,0.62,0.52,1770423315443,86.95
0.51,0.38,0.62,0.49,1770423315444,86.95
0.48,0.38,0.62,0.49,1770423318074,86.96
0.53,0.38,0.62,0.52,1770423318168,86.96
0.53,0.38,0.62,0.47,1770423318169,86.96
0.48,0.38,0.62,0.47,1770423318243,86.96
0.48,0.38,0.62,0.52,1770423318244,86.96
0.53,0.38,0.62,0.52,1770423318312,86.96
0.53,0.38,0.62,0.47,1770423318313,86.96
0.48,0.38,0.62,0.47,1770423320429,86.97
0.53,0.38,0.62,0.52,1770423320951,86.97
0.53,0.38,0.62,0.47,1770423324147,86.93
0.53,0.06,0.62,0.47,1770423326753,86.94
0.53,0.38,0.94,0.47,1770423327561,86.94
0.53,0.38,0.62,0.47,1770423332274,86.97
0.53,0.42,0.62,0.52,1770423337511,86.89
0.48,0.42,0.58,0.52,1770423337618,86.89
0.49,0.42,0.58,0.52,1770423341624,86.92
0.48,0.42,0.58,0.51,1770423342143,86.92
0.5,0.42,0.58,0.52,1770423343829,86.94
0.5,0.42,0.58,0.5,1770423343830,86.94
0.48,0.42,0.58,0.5,1770423344553,86.93
0.48,0.06,0.58,0.52,1770423344554,86.93
0.52,0.06,0.94,0.52,1770423345067,86.93
0.52,0.41,0.94,0.48,1770423345135,86.93
0.52,0.06,0.59,0.48,1770423360584,86.93
0.52,0.37,0.94,0.48,1770423360726,86.93
0.52,0.06,0.63,0.48,1770423361062,86.93
0.52,0.39,0.94,0.48,1770423361269,86.93
0.48,0.39,0.61,0.48,1770423362495,86.95
0.53,0.39,0.61,0.52,1770423362605,86.95
0.48,0.39,0.61,0.47,1770423364512,86.98
0.48,0.06,0.61,0.52,1770423364513,86.98
0.56,0.06,0.94,0.52,1770423364596,86.98
0.56,0.06,0.94,0.44,1770423364603,86.98
0.56,0.33,0.94,0.44,1770423364692,86.98
0.56,0.33,0.67,0.44,1770423364698,86.98
0.56,0.06,0.67,0.44,1770423364746,86.98
0.56,0.06,0.94,0.44,1770423364839,86.98
0.56,0.36,0.94,0.44,1770423364897,86.98
0.56,0.36,0.64,0.44,1770423364913,86.98
0.51,0.36,0.64,0.44,1770423365624,86.97
0.51,0.06,0.64,0.49,1770423365625,86.97
0.51,0.06,0.94,0.49,1770423365928,86.97
0.51,0.39,0.94,0.49,1770423365978,86.97
0.5,0.39,0.61,0.49,1770423367231,86.95
0.52,0.39,0.61,0.5,1770423367338,86.95
0.5,0.39,0.61,0.48,1770423367484,86.95
0.53,0.39,0.61,0.5,1770423369965,86.98
0.53,0.06,0.61,0.47,1770423370517,86.98
0.5,0.06,0.94,0.47,1770423370518,86.98
0.54,0.06,0.94,0.5,1770423371866,86.99
0.54,0.06,0.94,0.46,1770423371867,86.99
0.54,0.36,0.94,0.46,1770423371944,86.99
0.5,0.36,0.64,0.46,1770423373523,86.98
0.54,0.36,0.64,0.5,1770423373962,86.98
0.5,0.36,0.64,0.46,1770423374648,87.0
0.54,0.36,0.64,0.5,1770423374822,87.0
0.5,0.36,0.64,0.46,1770423375603,86.98
0.54,0.36,0.64,0.5,1770423375833,86.98
0.5,0.36,0.64,0.46,1770423377530,86.97
0.55,0.36,0.64,0.5,1770423377640,86.97
0.55,0.36,0.64,0.45,1770423377667,86.97
0.54,0.36,0.64,0.45,1770423380977,87.0
0.54,0.36,0.64,0.52,1770423380987,87.0
0.48,0.36,0.64,0.45,1770423381012,87.0
0.55,0.36,0.64,0.45,1770423381369,87.02
0.55,0.06,0.64,0.45,1770423383545,86.99
0.55,0.06,0.94,0.45,1770423383570,86.99
0.55,0.37,0.94,0.45,1770423383590,86.99
0.55,0.37,0.63,0.45,1770423383597,86.99
0.55,0.06,0.63,0.45,1770423388326,87.01
0.48,0.06,0.94,0.45,1770423388327,87.01
0.55,0.06,0.94,0.45,1770423388352,87.01
0.55,0.34,0.94,0.45,1770423390231,87.02
0.55,0.06,0.66,0.45,1770423390340,87.01
0.55,0.06,0.94,0.45,1770423390377,87.01
0.55,0.36,0.94,0.45,1770423390597,87.01
0.55,0.36,0.64,0.45,1770423390627,87.01
0.55,0.06,0.64,0.45,1770423390679,87.01
0.55,0.37,0.94,0.45,1770423390724,87.01
0.55,0.37,0.63,0.45,1770423390736,87.01
0.48,0.37,0.63,0.45,1770423394967,86.98
0.48,0.37,0.63,0.52,1770423394968,86.98
0.48,0.06,0.94,0.44,1770423395014,86.98
0.56,0.06,0.94,0.44,1770423397181,87.01
0.56,0.33,0.94,0.44,1770423399119,87.01
0.56,0.06,0.67,0.44,1770423399267,87.01
0.56,0.06,0.94,0.44,1770423400351,87.02
0.56,0.33,0.94,0.44,1770423402250,87.01
0.56,0.33,0.67,0.43,1770423402278,87.01
0.57,0.33,0.67,0.43,1770423402595,87.01
0.57,0.06,0.67,0.43,1770423402596,87.01
0.57,0.06,0.94,0.43,1770423402799,87.01
0.57,0.34,0.94,0.43,1770423402930,87.01
0.57,0.34,0.66,0.43,1770423402966,87.01
0.57,0.06,0.66,0.43,1770423407875,87.02
0.57,0.34,0.94,0.43,1770423409372,87.0
0.57,0.34,0.66,0.43,1770423416529,87.0
0.57,0.34,0.66,0.42,1770423417441,87.02
0.58,0.34,0.66,0.43,1770423417548,87.02
0.48,0.34,0.66,0.43,1770423417550,87.02
0.48,0.34,0.66,0.4,1770423417584,87.02
0.6,0.34,0.66,0.4,1770423417600,87.02
0.6,0.06,0.66,0.4,1770423417602,87.02
0.6,0.06,0.94,0.4,1770423417689,87.02
0.6,0.3,0.94,0.4,1770423417698,87.02
0.6,0.06,0.7,0.4,1770423417898,87.02
0.6,0.06,0.94,0.4,1770423418105,87.02
0.6,0.32,0.94,0.4,1770423420198,87.05
0.59,0.32,0.68,0.4,1770423420204,87.05
0.59,0.32,0.68,0.52,1770423420210,87.05
0.48,0.06,0.68,0.52,1770423420249,87.05
0.48,0.06,0.94,0.42,1770423420259,87.05
0.58,0.06,0.94,0.52,1770423420388,87.04
0.58,0.06,0.94,0.42,1770423420411,87.04
0.58,0.34,0.94,0.42,1770423420594,87.04
0.58,0.06,0.66,0.42,1770423421363,87.02
0.58,0.06,0.94,0.42,1770423421382,87.02
0.58,0.34,0.94,0.42,1770423421604,87.02
0.58,0.34,0.66,0.42,1770423421654,87.02
0.58,0.34,0.66,0.41,1770423422618,87.02
0.59,0.34,0.66,0.42,1770423423195,87.02
0.58,0.34,0.66,0.42,1770423423242,87.02
0.58,0.34,0.66,0.41,1770423423606,87.03
0.59,0.34,0.66,0.42,1770423423631,87.03
0.58,0.34,0.66,0.42,1770423423659,87.03
0.58,0.06,0.66,0.42,1770423424539,87.02
0.54,0.06,0.94,0.42,1770423424541,87.02
0.54,0.06,0.94,0.52,1770423424598,87.02
0.54,0.06,0.94,0.46,1770423424629,87.02
0.54,0.38,0.94,0.46,1770423424728,87.02
0.52,0.38,0.62,0.46,1770423424735,87.02
0.52,0.38,0.62,0.52,1770423424767,87.02
0.48,0.38,0.62,0.49,1770423424809,87.02
0.51,0.06,0.62,0.49,1770423425975,86.96
0.51,0.06,0.94,0.49,1770423425983,86.96
0.51,0.41,0.94,0.49,1770423426116,86.96
0.51,0.06,0.59,0.49,1770423426176,86.96
0.51,0.06,0.94,0.49,1770423426178,86.96
0.51,0.45,0.94,0.49,1770423426364,86.96
0.51,0.45,0.55,0.49,1770423426365,86.96
0.51,0.06,0.55,0.49,1770423426848,86.92
0.51,0.06,0.94,0.52,1770423426861,86.92
0.48,0.06,0.94,0.52,1770423426985,86.92
0.45,0.06,0.94,0.52,1770423427048,86.92
0.32,0.06,0.94,0.55,1770423427049,86.92
0.32,0.06,0.94,0.59,1770423427073,86.92
0.41,0.06,0.94,0.59,1770423427232,86.92
0.41,0.48,0.94,0.59,1770423427424,86.83
0.41,0.48,0.52,0.59,1770423427434,86.83
0.41,0.48,0.52,0.58,1770423427469,86.83
0.42,0.48,0.52,0.59,1770423427534,86.83
0.41,0.06,0.52,0.59,1770423427536,86.83
0.32,0.06,0.94,0.59,1770423427538,86.83
0.32,0.06,0.94,0.6,1770423427565,86.83
0.4,0.06,0.94,0.6,1770423428002,86.83
0.4,0.49,0.94,0.6,1770423428069,86.83
0.4,0.49,0.51,0.6,1770423428075,86.83
0.4,0.49,0.51,0.59,1770423428108,86.83
0.41,0.49,0.51,0.59,1770423428558,86.8
0.41,0.49,0.51,0.68,1770423428606,86.8
0.32,0.06,0.51,0.68,1770423428639,86.8
0.41,0.06,0.94,0.68,1770423428652,86.8
0.41,0.51,0.94,0.59,1770423428757,86.8
0.41,0.51,0.49,0.59,1770423428765,86.8
0.41,0.06,0.49,0.59,1770423428876,86.8
0.38,0.06,0.94,0.59,1770423429118,86.8
0.38,0.53,0.94,0.62,1770423429130,86.8
0.38,0.53,0.47,0.68,1770423429142,86.8
0.32,0.53,0.47,0.63,1770423429181,86.8
0.37,0.53,0.47,0.68,1770423429206,86.8
0.32,0.53,0.47,0.64,1770423429225,86.8
0.36,0.53,0.47,0.68,1770423429396,86.8
0.32,0.53,0.47,0.63,1770423429422,86.8
0.37,0.06,0.47,0.63,1770423429566,86.8
0.37,0.06,0.94,0.63,1770423429580,86.8
0.37,0.56,0.94,0.63,1770423429622,86.8
0.37,0.56,0.44,0.63,1770423429633,86.8
0.35,0.56,0.44,0.63,1770423429678,86.8
0.35,0.56,0.44,0.65,1770423429679,86.8
0.35,0.56,0.44,0.68,1770423429685,86.8
0.32,0.56,0.44,0.66,1770423429727,86.8
0.34,0.56,0.44,0.66,1770423429728,86.8
0.34,0.56,0.44,0.68,1770423429860,86.8
0.32,0.56,0.44,0.67,1770423429896,86.8
0.33,0.56,0.44,0.67,1770423429951,86.8
0.33,0.56,0.44,0.68,1770423430184,86.8
0.32,0.56,0.44,0.66,1770423430219,86.8
0.34,0.56,0.44,0.66,1770423431775,86.75
0.35,0.56,0.44,0.66,1770423431899,86.75
0.35,0.56,0.44,0.65,1770423432135,86.75
0.35,0.06,0.44,0.65,1770423432668,86.77
0.35,0.06,0.94,0.68,1770423432676,86.77
0.32,0.06,0.94,0.64,1770423432703,86.77
0.36,0.06,0.94,0.68,1770423432880,86.77
0.36,0.06,0.94,0.64,1770423432881,86.77
0.36,0.55,0.94,0.64,1770423433239,86.77
0.36,0.55,0.45,0.64,1770423433240,86.77
0.36,0.06,0.45,0.64,1770423433525,86.75
0.36,0.06,0.94,0.64,1770423433549,86.75
0.36,0.54,0.94,0.64,1770423433757,86.75
0.33,0.54,0.46,0.64,1770423434482,86.74
0.33,0.54,0.46,0.67,1770423434483,86.74
0.38,0.54,0.46,0.67,1770423435107,86.74
0.33,0.54,0.46,0.62,1770423435769,86.78
0.33,0.06,0.46,0.67,1770423435780,86.78
0.33,0.06,0.94,0.68,1770423435830,86.78
0.4,0.06,0.94,0.68,1770423435857,86.78
0.4,0.06,0.94,0.6,1770423435858,86.78
0.4,0.49,0.94,0.6,1770423436414,86.83
0.4,0.49,0.51,0.6,1770423436432,86.83
0.4,0.06,0.51,0.6,1770423436463,86.83
0.4,0.06,0.94,0.6,1770423436473,86.83
0.4,0.5,0.94,0.6,1770423436571,86.83
0.4,0.5,0.5,0.6,1770423436577,86.83
0.4,0.06,0.5,0.6,1770423436632,86.83
0.4,0.52,0.94,0.6,1770423437050,86.83
0.4,0.06,0.48,0.6,1770423437336,86.78
0.4,0.06,0.94,0.6,1770423437363,86.78
0.35,0.06,0.94,0.6,1770423437412,86.78
0.35,0.53,0.94,0.65,1770423437419,86.78
0.35,0.53,0.47,0.68,1770423437512,86.78
0.32,0.53,0.47,0.66,1770423437541,86.78
0.34,0.06,0.47,0.66,1770423438502,86.75
0.34,0.06,0.94,0.66,1770423438509,86.75
0.34,0.54,0.94,0.66,1770423438806,86.75
0.34,0.54,0.46,0.66,1770423438927,86.75
0.34,0.06,0.94,0.66,1770423438960,86.75
0.34,0.56,0.94,0.66,1770423439251,86.75
0.34,0.06,0.44,0.66,1770423439354,86.73
0.34,0.06,0.94,0.66,1770423439374,86.73
0.34,0.58,0.94,0.66,1770423439724,86.73
0.34,0.58,0.42,0.66,1770423439725,86.73
0.32,0.58,0.42,0.66,1770423439796,86.73
0.32,0.06,0.42,0.68,1770423439797,86.73
0.32,0.06,0.94,0.68,1770423439874,86.73
0.32,0.6,0.94,0.68,1770423440170,86.73
0.32,0.6,0.4,0.68,1770423440185,86.73
0.32,0.06,0.4,0.68,1770423443041,86.67
0.32,0.06,0.94,0.68,1770423443047,86.67
0.32,0.62,0.94,0.68,1770423443238,86.67
0.32,0.06,0.38,0.68,1770423443332,86.67
0.32,0.06,0.94,0.68,1770423443333,86.67
0.32,0.63,0.94,0.68,1770423443519,86.65
0.32,0.63,0.37,0.68,1770423443542,86.65
0.32,0.06,0.37,0.68,1770423446372,86.63
0.32,0.06,0.94,0.68,1770423446389,86.63
0.28,0.06,0.94,0.68,1770423446413,86.63
0.28,0.06,0.94,0.72,1770423446445,86.63
0.28,0.64,0.94,0.72,1770423446551,86.63
0.28,0.64,0.36,0.72,1770423446579,86.63
0.23,0.64,0.36,0.72,1770423447070,86.63
0.23,0.06,0.94,0.8,1770423447075,86.63
0.2,0.06,0.94,0.78,1770423447104,86.63
0.23,0.06,0.94,0.78,1770423447365,86.6
0.23,0.06,0.94,0.77,1770423447582,86.6
0.23,0.67,0.94,0.77,1770423447594,86.6
0.23,0.67,0.33,0.77,1770423447608,86.6
0.23,0.06,0.33,0.77,1770423447761,86.6
0.23,0.68,0.94,0.77,1770423447817,86.6
0.23,0.68,0.32,0.77,1770423447855,86.6
0.23,0.06,0.32,0.77,1770423449227,86.54
0.23,0.06,0.94,0.77,1770423449255,86.54
0.23,0.69,0.94,0.77,1770423449389,86.56
0.23,0.69,0.31,0.77,1770423449390,86.56
0.21,0.69,0.31,0.77,1770423450165,86.56
0.21,0.06,0.31,0.79,1770423450169,86.56
0.21,0.06,0.94,0.8,1770423450276,86.56
0.25,0.06,0.94,0.75,1770423450287,86.56
0.23,0.06,0.94,0.75,1770423450292,86.56
0.27,0.06,0.94,0.77,1770423450933,86.57
0.27,0.06,0.94,0.73,1770423450945,86.57
0.25,0.06,0.94,0.73,1770423451367,86.65
0.25,0.6,0.94,0.75,1770423451375,86.65
0.25,0.6,0.4,0.8,1770423451392,86.65
0.3,0.6,0.4,0.8,1770423451411,86.65
0.3,0.6,0.4,0.7,1770423451427,86.65
0.27,0.6,0.4,0.7,1770423451513,86.65
0.3,0.6,0.4,0.73,1770423451629,86.65
0.27,0.6,0.4,0.7,1770423451757,86.65
0.27,0.6,0.4,0.73,1770423451758,86.65
0.32,0.6,0.4,0.73,1770423452031,86.65
0.32,0.6,0.4,0.68,1770423452471,86.69
0.2,0.6,0.4,0.68,1770423452478,86.69
0.2,0.6,0.4,0.8,1770423452479,86.69
0.2,0.06,0.94,0.71,1770423452499,86.69
0.29,0.06,0.94,0.8,1770423452899,86.69
0.34,0.06,0.94,0.8,1770423452911,86.69
0.34,0.06,0.94,0.66,1770423452912,86.69
0.31,0.06,0.94,0.66,1770423452972,86.69
0.36,0.06,0.94,0.69,1770423453233,86.69
0.36,0.06,0.94,0.64,1770423453274,86.69
0.36,0.52,0.94,0.64,1770423453297,86.69
0.33,0.52,0.48,0.64,1770423453331,86.75
0.33,0.52,0.48,0.8,1770423453360,86.75
0.2,0.52,0.48,0.66,1770423453385,86.75
0.38,0.52,0.48,0.66,1770423453446,86.75
0.38,0.52,0.48,0.62,1770423453447,86.75
0.36,0.52,0.48,0.62,1770423453559,86.75
0.39,0.52,0.48,0.64,1770423453645,86.75
0.39,0.52,0.48,0.61,1770423453756,86.75
0.35,0.52,0.48,0.61,1770423454589,86.81
0.4,0.52,0.48,0.65,1770423455000,86.81
0.35,0.52,0.48,0.6,1770423455052,86.81
0.35,0.06,0.48,0.65,1770423455114,86.81
0.35,0.06,0.94,0.65,1770423455115,86.81
0.35,0.06,0.94,0.8,1770423455155,86.81
0.41,0.06,0.94,0.8,1770423455156,86.81
0.41,0.06,0.94,0.59,1770423455189,86.81
0.41,0.47,0.94,0.59,1770423455703,86.83
0.39,0.47,0.53,0.59,1770423455763,86.83
0.39,0.47,0.53,0.8,1770423455788,86.83
0.2,0.47,0.53,0.58,1770423455820,86.83
0.43,0.47,0.53,0.58,1770423456243,86.83
0.43,0.47,0.53,0.57,1770423457307,86.85
0.43,0.06,0.53,0.57,1770423457335,86.85
0.48,0.06,0.94,0.57,1770423457590,86.85
0.48,0.06,0.94,0.52,1770423458094,86.85
0.48,0.48,0.94,0.52,1770423458418,86.83
0.48,0.06,0.52,0.52,1770423458673,86.83
0.41,0.06,0.94,0.52,1770423458688,86.83
0.43,0.06,0.94,0.59,1770423458689,86.83
0.43,0.49,0.94,0.57,1770423458902,86.83
0.43,0.49,0.51,0.57,1770423458903,86.83
0.43,0.06,0.51,0.57,1770423458984,86.83
0.4,0.06,0.94,0.68,1770423458988,86.83
0.32,0.06,0.94,0.62,1770423459021,86.83
0.39,0.06,0.94,0.62,1770423459684,86.8
0.39,0.06,0.94,0.61,1770423459685,86.8
0.38,0.06,0.94,0.61,1770423459739,86.8
0.38,0.49,0.94,0.62,1770423459756,86.8
0.38,0.49,0.51,0.68,1770423459758,86.8
0.32,0.49,0.51,0.6,1770423459786,86.8
0.4,0.49,0.51,0.6,1770423459919,86.8
0.4,0.06,0.51,0.6,1770423460102,86.8
0.4,0.51,0.94,0.6,1770423460420,86.81
0.4,0.51,0.49,0.6,1770423460456,86.81
0.4,0.06,0.49,0.6,1770423460765,86.81
0.4,0.06,0.94,0.6,1770423460766,86.81
0.36,0.06,0.94,0.6,1770423460822,86.81
0.36,0.06,0.94,0.68,1770423460845,86.81
0.32,0.06,0.94,0.65,1770423460902,86.81
0.35,0.06,0.94,0.65,1770423461088,86.81
0.35,0.54,0.94,0.65,1770423461332,86.77
0.35,0.54,0.46,0.65,1770423461571,86.77
0.35,0.06,0.46,0.65,1770423462719,86.74
0.35,0.06,0.94,0.65,1770423462757,86.74
0.35,0.56,0.94,0.65,1770423463237,86.74
0.35,0.56,0.44,0.65,1770423463257,86.74
0.35,0.06,0.44,0.65,1770423463326,86.72
0.35,0.06,0.94,0.65,1770423463935,86.72
0.32,0.06,0.94,0.65,1770423463962,86.72
0.32,0.06,0.94,0.68,1770423463963,86.72
0.32,0.59,0.94,0.68,1770423463964,86.72
0.32,0.59,0.41,0.68,1770423463975,86.72
0.33,0.59,0.41,0.68,1770423464833,86.69
0.32,0.59,0.41,0.67,1770423465338,86.72
0.32,0.06,0.41,0.68,1770423465378,86.72
0.34,0.06,0.94,0.68,1770423465380,86.72
0.34,0.06,0.94,0.66,1770423465399,86.72
0.37,0.06,0.94,0.66,1770423465778,86.72
0.37,0.06,0.94,0.63,1770423465809,86.72
0.37,0.51,0.94,0.63,1770423466034,86.72
0.37,0.51,0.49,0.63,1770423466084,86.72
0.39,0.51,0.49,0.63,1770423466545,86.79
0.39,0.51,0.49,0.61,1770423466546,86.79
0.37,0.51,0.49,0.61,1770423466894,86.79
0.4,0.51,0.49,0.63,1770423467924,86.82
0.4,0.06,0.49,0.6,1770423468618,86.81
0.4,0.06,0.94,0.6,1770423468682,86.81
0.4,0.51,0.94,0.6,1770423468895,86.81
0.4,0.51,0.49,0.6,1770423468919,86.81
0.4,0.06,0.49,0.6,1770423469322,86.8
0.4,0.52,0.94,0.6,1770423469356,86.8
0.4,0.06,0.48,0.6,1770423469700,86.8
0.38,0.06,0.94,0.6,1770423470079,86.8
0.38,0.53,0.94,0.62,1770423470084,86.8
0.38,0.06,0.47,0.62,1770423470116,86.8
0.38,0.06,0.94,0.62,1770423471184,86.75
0.38,0.54,0.94,0.62,1770423472513,86.74
0.38,0.54,0.46,0.62,1770423472577,86.74
0.38,0.06,0.46,0.62,1770423473682,86.78
0.39,0.06,0.94,0.62,1770423474018,86.78
0.39,0.49,0.94,0.61,1770423474581,86.81
0.39,0.49,0.51,0.61,1770423474582,86.81
0.38,0.49,0.51,0.61,1770423474636,86.81
0.38,0.49,0.51,0.68,1770423474659,86.81
0.32,0.49,0.51,0.61,1770423474685,86.81
0.39,0.06,0.51,0.61,1770423474687,86.81
0.39,0.06,0.94,0.61,1770423474705,86.81
0.39,0.5,0.94,0.61,1770423474739,86.81
0.39,0.5,0.5,0.61,1770423474740,86.81
0.4,0.5,0.5,0.61,1770423474931,86.81
0.4,0.5,0.5,0.6,1770423475351,86.8
0.4,0.06,0.94,0.6,1770423475377,86.8
0.4,0.5,0.94,0.6,1770423475513,86.8
0.4,0.06,0.5,0.6,1770423476236,86.8
0.4,0.06,0.94,0.6,1770423476917,86.79
0.4,0.5,0.94,0.6,1770423477038,86.79
0.4,0.5,0.5,0.6,1770423477067,86.79
0.4,0.33,0.5,0.6,1770423478110,86.8
0.4,0.33,0.67,0.6,1770423478135,86.8
0.4,0.5,0.67,0.6,1770423478565,86.79
0.4,0.33,0.5,0.6,1770423478644,86.79
0.4,0.51,0.67,0.6,1770423478967,86.79
0.4,0.33,0.49,0.6,1770423479905,86.79
0.4,0.53,0.67,0.6,1770423479951,86.79
0.38,0.53,0.47,0.6,1770423479952,86.79
0.38,0.53,0.47,0.68,1770423479971,86.79
0.32,0.53,0.47,0.64,1770423479999,86.79
0.36,0.33,0.47,0.64,1770423480440,86.77
0.36,0.33,0.67,0.68,1770423480602,86.77
0.36,0.33,0.67,0.64,1770423480603,86.77
0.36,0.33,0.67,0.68,1770423480676,86.77
0.32,0.5,0.67,0.68,1770423480683,86.77
0.32,0.5,0.5,0.62,1770423480705,86.77
0.38,0.5,0.5,0.68,1770423480727,86.77
0.32,0.5,0.5,0.68,1770423480728,86.77
0.32,0.5,0.5,0.6,1770423480752,86.77
0.4,0.5,0.5,0.6,1770423480788,86.77
0.4,0.5,0.5,0.68,1770423480933,86.77
0.4,0.5,0.5,0.6,1770423481371,86.83
0.32,0.5,0.5,0.6,1770423481464,86.83
0.32,0.5,0.5,0.68,1770423481465,86.83
0.32,0.33,0.5,0.68,1770423481573,86.83
0.32,0.33,0.67,0.56,1770423481606,86.83
0.44,0.33,0.67,0.56,1770423481632,86.83
0.44,0.45,0.67,0.56,1770423481802,86.83
0.44,0.45,0.55,0.56,1770423481816,86.83
0.44,0.33,0.55,0.56,1770423481851,86.83
0.44,0.33,0.67,0.56,1770423481862,86.83
0.44,0.47,0.67,0.56,1770423481929,86.83
0.44,0.47,0.53,0.56,1770423482424,86.84
0.44,0.33,0.53,0.56,1770423483231,86.84
0.44,0.33,0.67,0.56,1770423483232,86.84
0.44,0.48,0.67,0.56,1770423483269,86.84
0.44,0.48,0.52,0.56,1770423483516,86.84
0.44,0.33,0.52,0.56,1770423485985,86.83
0.42,0.33,0.67,0.56,1770423485986,86.83
0.42,0.33,0.67,0.68,1770423485996,86.83
0.42,0.33,0.67,0.58,1770423486010,86.83
0.39,0.33,0.67,0.58,1770423486095,86.83
0.39,0.51,0.67,0.61,1770423486103,86.83
0.39,0.51,0.49,0.61,1770423486719,86.8
0.39,0.51,0.49,0.6,1770423486804,86.8
0.4,0.51,0.49,0.61,1770423486868,86.8
0.39,0.51,0.49,0.61,1770423486895,86.8
0.39,0.33,0.49,0.61,1770423487156,86.8
0.39,0.33,0.67,0.61,1770423487185,86.8
0.39,0.51,0.67,0.61,1770423487373,86.79
0.39,0.51,0.49,0.61,1770423487385,86.79
0.39,0.33,0.49,0.61,1770423488116,86.79
0.39,0.33,0.67,0.61,1770423488117,86.79
0.39,0.53,0.67,0.61,1770423488179,86.79
0.39,0.33,0.47,0.61,1770423488651,86.79
0.39,0.33,0.67,0.61,1770423488657,86.79
0.35,0.33,0.67,0.61,1770423488704,86.79
0.35,0.33,0.67,0.65,1770423488705,86.79
0.35,0.33,0.67,0.68,1770423489015,86.79
0.32,0.33,0.67,0.64,1770423489049,86.79
0.36,0.06,0.67,0.64,1770423489126,86.79
0.36,0.06,0.94,0.64,1770423489168,86.79
0.36,0.06,0.94,0.65,1770423489204,86.79
0.35,0.06,0.94,0.65,1770423489268,86.79
0.32,0.06,0.94,0.65,1770423489499,86.75
0.32,0.06,0.94,0.64,1770423489526,86.75
0.36,0.06,0.94,0.64,1770423489535,86.75
0.36,0.06,0.94,0.63,1770423489613,86.75
0.37,0.06,0.94,0.63,1770423489813,86.75
0.37,0.51,0.94,0.63,1770423489821,86.75
0.39,0.51,0.49,0.63,1770423489860,86.75
0.39,0.51,0.49,0.61,1770423489868,86.75
0.38,0.51,0.49,0.61,1770423490182,86.75
0.4,0.51,0.49,0.62,1770423490288,86.75
0.4,0.51,0.49,0.6,1770423490352,86.79
0.38,0.51,0.49,0.6,1770423490575,86.79
0.38,0.51,0.49,0.62,1770423490576,86.79
0.38,0.06,0.49,0.62,1770423491156,86.79
0.42,0.06,0.94,0.62,1770423491162,86.79
0.42,0.06,0.94,0.58,1770423491180,86.79
0.42,0.49,0.94,0.58,1770423491216,86.79
0.42,0.49,0.51,0.58,1770423491250,86.79
0.32,0.49,0.51,0.58,1770423492008,86.82
0.32,0.49,0.51,0.68,1770423492009,86.82
0.32,0.49,0.51,0.58,1770423492020,86.82
0.42,0.49,0.51,0.58,1770423492021,86.82
0.42,0.49,0.51,0.68,1770423492166,86.82
0.42,0.49,0.51,0.58,1770423492170,86.82
0.42,0.06,0.51,0.58,1770423492174,86.82
0.42,0.5,0.94,0.58,1770423492211,86.82
0.42,0.5,0.5,0.58,1770423492221,86.82
0.42,0.06,0.5,0.58,1770423492373,86.84
0.42,0.06,0.94,0.58,1770423492395,86.84
0.38,0.06,0.94,0.58,1770423492850,86.84
0.38,0.51,0.94,0.62,1770423492858,86.84
0.41,0.51,0.49,0.62,1770423492910,86.84
0.41,0.51,0.49,0.59,1770423494962,86.78
0.38,0.51,0.49,0.59,1770423495239,86.78
0.38,0.34,0.49,0.62,1770423495322,86.81
0.43,0.34,0.66,0.62,1770423495330,86.81
0.43,0.34,0.66,0.57,1770423495337,86.81
0.43,0.45,0.66,0.57,1770423495624,86.81
0.43,0.45,0.55,0.57,1770423495625,86.81
0.42,0.45,0.55,0.57,1770423495629,86.81
0.42,0.45,0.55,0.68,1770423495648,86.81
0.32,0.45,0.55,0.56,1770423495674,86.81
0.45,0.45,0.55,0.56,1770423495946,86.81
0.45,0.45,0.55,0.55,1770423495947,86.81
0.44,0.45,0.55,0.55,1770423496481,86.86
0.44,0.45,0.55,0.68,1770423496515,86.86
0.32,0.45,0.55,0.68,1770423496516,86.86
0.32,0.45,0.55,0.55,1770423496558,86.86
0.45,0.45,0.55,0.55,1770423496809,86.86
0.44,0.45,0.55,0.55,1770423497103,86.86
0.44,0.45,0.55,0.68,1770423497109,86.86
0.32,0.45,0.55,0.55,1770423497157,86.86
0.45,0.45,0.55,0.68,1770423497257,86.86
0.47,0.45,0.55,0.68,1770423497258,86.86
0.47,0.45,0.55,0.53,1770423497285,86.86
0.46,0.45,0.55,0.53,1770423498943,86.9
0.46,0.3,0.55,0.54,1770423498944,86.9
0.46,0.3,0.7,0.54,1770423499635,86.85
0.46,0.48,0.7,0.54,1770423499709,86.85
0.46,0.48,0.52,0.54,1770423500288,86.85
0.46,0.3,0.7,0.54,1770423500489,86.82
0.46,0.48,0.7,0.54,1770423500641,86.82
0.46,0.48,0.52,0.54,1770423500642,86.82
0.46,0.3,0.52,0.54,1770423502954,86.86
0.46,0.43,0.7,0.54,1770423503803,86.89
0.46,0.3,0.57,0.54,1770423504117,86.89
0.46,0.3,0.7,0.54,1770423504118,86.89
0.46,0.44,0.7,0.54,1770423504401,86.87
0.46,0.3,0.56,0.54,1770423506773,86.89
0.46,0.44,0.7,0.54,1770423506906,86.89
0.46,0.3,0.56,0.54,1770423507037,86.89
0.46,0.46,0.7,0.54,1770423507109,86.89
0.46,0.46,0.54,0.54,1770423507110,86.89
0.46,0.3,0.54,0.54,1770423507370,86.86
0.46,0.3,0.7,0.54,1770423507371,86.86
0.46,0.47,0.7,0.54,1770423508448,86.83
0.46,0.3,0.53,0.54,1770423508695,86.83
0.46,0.48,0.7,0.54,1770423508879,86.83
0.46,0.48,0.52,0.54,1770423508949,86.83
0.46,0.3,0.52,0.54,1770423508950,86.83
0.46,0.3,0.7,0.54,1770423509179,86.83
0.46,0.3,0.7,0.59,1770423509690,86.81
0.41,0.51,0.7,0.59,1770423509692,86.81
0.32,0.51,0.49,0.59,1770423509711,86.81
0.38,0.51,0.49,0.68,1770423509796,86.81
0.38,0.51,0.49,0.62,1770423510166,86.81
0.32,0.51,0.49,0.62,1770423510523,86.79
0.39,0.51,0.49,0.68,1770423510573,86.79
0.39,0.51,0.49,0.61,1770423510765,86.79
0.32,0.51,0.49,0.61,1770423511582,86.79
0.41,0.51,0.49,0.68,1770423511972,86.79
0.32,0.51,0.49,0.59,1770423512054,86.79
0.32,0.51,0.49,0.68,1770423512263,86.79
0.32,0.34,0.49,0.68,1770423513040,86.83
0.42,0.34,0.66,0.68,1770423513050,86.83
0.42,0.34,0.66,0.57,1770423513070,86.83
0.43,0.34,0.66,0.57,1770423513137,86.83
0.43,0.48,0.66,0.57,1770423513154,86.83
0.43,0.48,0.52,0.57,1770423513269,86.83
0.32,0.48,0.52,0.57,1770423514486,86.86
0.44,0.48,0.52,0.68,1770423514755,86.86
0.32,0.48,0.52,0.56,1770423517136,86.84
0.44,0.48,0.52,0.68,1770423517376,86.85
0.44,0.48,0.52,0.56,1770423517465,86.85
0.44,0.3,0.52,0.56,1770423523793,86.84
0.44,0.3,0.7,0.56,1770423523820,86.84
0.39,0.3,0.7,0.56,1770423524134,86.84
0.39,0.3,0.7,0.68,1770423524675,86.82
0.39,0.3,0.7,0.61,1770423524677,86.82
0.39,0.5,0.7,0.61,1770423525864,86.81
0.32,0.5,0.5,0.61,1770423525904,86.81
0.32,0.5,0.5,0.68,1770423525905,86.81
0.39,0.5,0.5,0.68,1770423526061,86.81
0.32,0.5,0.5,0.61,1770423526797,86.81
0.32,0.5,0.5,0.68,1770423527448,86.8
0.48,0.5,0.5,0.68,1770423527746,86.8
0.48,0.5,0.5,0.52,1770423527882,86.8
0.42,0.5,0.5,0.52,1770423529452,86.8
0.41,0.5,0.5,0.68,1770423530216,86.8
0.32,0.5,0.5,0.59,1770423530838,86.82
0.32,0.3,0.5,0.68,1770423530861,86.82
0.32,0.3,0.7,0.68,1770423530862,86.82
0.32,0.3,0.7,0.57,1770423530899,86.82
0.44,0.3,0.7,0.57,1770423530942,86.82
0.44,0.3,0.7,0.56,1770423530952,86.82
0.32,0.3,0.7,0.56,1770423531050,86.82
0.32,0.44,0.7,0.68,1770423531054,86.82
0.45,0.44,0.56,0.68,1770423531248,86.82
0.45,0.44,0.56,0.55,1770423531459,86.88
0.32,0.44,0.56,0.55,1770423531570,86.88
0.32,0.44,0.56,0.68,1770423532130,86.88
0.45,0.44,0.56,0.68,1770423533501,86.9
0.45,0.3,0.56,0.55,1770423533786,86.9
0.45,0.46,0.7,0.55,1770423533921,86.9
0.45,0.3,0.54,0.55,1770423533980,86.9
0.45,0.47,0.7,0.55,1770423534057,86.9
0.45,0.3,0.53,0.55,1770423534786,86.85
0.4,0.3,0.7,0.68,1770423534960,86.85
0.4,0.5,0.7,0.6,1770423535561,86.82
0.4,0.3,0.5,0.6,1770423536541,86.82
0.4,0.3,0.7,0.6,1770423536565,86.82
0.4,0.5,0.7,0.6,1770423536735,86.82
0.4,0.5,0.5,0.6,1770423537613,86.81
0.4,0.34,0.5,0.6,1770423540892,86.8
0.4,0.34,0.66,0.6,1770423540923,86.8
0.4,0.51,0.66,0.6,1770423541147,86.8
0.4,0.51,0.49,0.6,1770423541148,86.8
0.4,0.34,0.49,0.6,1770423541913,86.79
0.32,0.34,0.66,0.6,1770423541944,86.79
0.32,0.34,0.66,0.68,1770423541945,86.79
0.32,0.53,0.66,0.68,1770423541959,86.79
0.32,0.34,0.47,0.68,1770423542073,86.79
0.35,0.34,0.66,0.68,1770423542078,86.79
0.32,0.34,0.66,0.65,1770423542566,86.77
0.32,0.34,0.66,0.68,1770423542567,86.77
0.32,0.53,0.66,0.68,1770423542572,86.77
0.32,0.34,0.47,0.68,1770423543240,86.77
0.35,0.34,0.66,0.68,1770423543247,86.77
0.35,0.54,0.66,0.65,1770423543987,86.76
0.35,0.34,0.46,0.65,1770423544532,86.77
0.35,0.55,0.66,0.65,1770423544576,86.77
0.35,0.34,0.45,0.65,1770423544715,86.77
0.35,0.58,0.66,0.65,1770423544834,86.77
0.35,0.58,0.42,0.65,1770423545067,86.77
0.32,0.58,0.42,0.65,1770423545943,86.72
0.32,0.58,0.42,0.68,1770423545946,86.72
0.32,0.38,0.42,0.68,1770423547156,86.7
0.32,0.38,0.62,0.68,1770423547436,86.7
0.32,0.6,0.62,0.68,1770423547502,86.7
0.32,0.6,0.4,0.68,1770423547655,86.7
0.32,0.38,0.4,0.68,1770423547739,86.7
0.32,0.38,0.62,0.68,1770423547868,86.7
0.32,0.6,0.62,0.68,1770423547920,86.7
0.32,0.6,0.4,0.68,1770423548250,86.7
0.32,0.38,0.4,0.68,1770423552121,86.72
0.35,0.38,0.62,0.68,1770423552187,86.72
0.35,0.55,0.62,0.65,1770423552320,86.72
0.35,0.38,0.45,0.65,1770423552449,86.74
0.35,0.57,0.62,0.65,1770423552871,86.74
0.35,0.38,0.43,0.65,1770423553256,86.74
0.35,0.57,0.62,0.65,1770423553893,86.72
0.35,0.38,0.43,0.65,1770423554539,86.71
0.35,0.57,0.62,0.65,1770423555268,86.71
0.32,0.57,0.43,0.65,1770423556138,86.7
0.35,0.57,0.43,0.68,1770423556469,86.75
0.32,0.57,0.43,0.65,1770423557028,86.75
0.36,0.57,0.43,0.68,1770423557082,86.75
0.36,0.38,0.43,0.64,1770423557083,86.75
0.32,0.38,0.62,0.64,1770423557157,86.75
0.32,0.55,0.62,0.68,1770423557160,86.75
0.32,0.55,0.45,0.62,1770423557163,86.75
0.38,0.55,0.45,0.62,1770423557433,86.79
0.38,0.06,0.45,0.62,1770423557778,86.79
0.39,0.06,0.94,0.62,1770423557784,86.79
0.39,0.06,0.94,0.61,1770423557785,86.79
0.39,0.51,0.94,0.61,1770423557920,86.79
0.39,0.51,0.49,0.61,1770423557921,86.79
0.39,0.34,0.49,0.61,1770423561546,86.81
0.39,0.52,0.66,0.61,1770423561785,86.81
0.39,0.52,0.48,0.61,1770423562329,86.81
0.39,0.34,0.48,0.61,1770423562716,86.78
0.32,0.34,0.66,0.61,1770423562771,86.78
0.32,0.54,0.66,0.68,1770423562772,86.78
