0.95,0.03,0.97,0.04,1770417196907,1.4802
0.95,0.03,0.97,0.05,1770417196919,1.4802
0.96,0.03,0.97,0.05,1770417197410,1.4798
0.96,0.03,0.97,0.04,1770417197411,1.4798
0.95,0.03,0.97,0.04,1770417208789,1.4802
0.95,0.03,0.97,0.05,1770417208813,1.4802
0.96,0.03,0.97,0.05,1770417210147,1.4798
0.96,0.03,0.97,0.04,1770417210162,1.4798
0.95,0.03,0.97,0.04,1770417212149,1.4795
0.95,0.03,0.97,0.05,1770417212150,1.4795
0.95,0.04,0.97,0.05,1770417216853,1.4792
0.95,0.04,0.96,0.05,1770417216878,1.4792
0.94,0.04,0.96,0.05,1770417218101,1.4792
0.94,0.04,0.96,0.06,1770417218102,1.4792
0.95,0.04,0.96,0.06,1770417218983,1.479
0.95,0.04,0.96,0.05,1770417219000,1.479
0.95,0.04,0.97,0.05,1770417219011,1.479
0.95,0.03,0.97,0.05,1770417219016,1.479
0.96,0.03,0.97,0.05,1770417219659,1.4795
0.96,0.03,0.97,0.04,1770417219672,1.4795
0.96,0.02,0.97,0.04,1770417235325,1.4816
0.96,0.02,0.98,0.04,1770417235334,1.4816
0.97,0.02,0.98,0.04,1770417238534,1.4821
0.97,0.02,0.98,0.03,1770417238565,1.4821
0.96,0.02,0.98,0.03,1770417239134,1.4821
0.96,0.02,0.98,0.04,1770417239369,1.4821
0.97,0.02,0.98,0.04,1770417240136,1.4821
0.97,0.02,0.98,0.03,1770417240141,1.4821
0.96,0.02,0.98,0.03,1770417240731,1.4821
0.97,0.02,0.98,0.04,1770417240819,1.4821
0.97,0.02,0.98,0.03,1770417240955,1.4821
0.96,0.02,0.98,0.03,1770417241979,1.482
0.96,0.02,0.98,0.04,1770417241980,1.482
0.97,0.02,0.98,0.04,1770417242055,1.482
0.97,0.02,0.98,0.03,1770417242201,1.482
0.96,0.02,0.98,0.03,1770417242266,1.482
0.97,0.02,0.98,0.04,1770417242345,1.482
0.97,0.02,0.98,0.03,1770417242754,1.482
0.96,0.02,0.98,0.03,1770417243149,1.482
0.96,0.02,0.98,0.04,1770417243517,1.4821
0.96,0.02,0.97,0.04,1770417243739,1.4821
0.96,0.03,0.97,0.04,1770417243755,1.4821
0.96,0.03,0.98,0.04,1770417250203,1.481
0.96,0.02,0.98,0.04,1770417250235,1.481
0.97,0.02,0.98,0.04,1770417250463,1.4812
0.97,0.02,0.98,0.03,1770417250464,1.4812
0.96,0.02,0.98,0.03,1770417252848,1.4823
0.96,0.02,0.98,0.04,1770417252890,1.4823
0.96,0.03,0.98,0.04,1770417258335,1.4815
0.96,0.03,0.97,0.04,1770417258336,1.4815
0.96,0.02,0.97,0.04,1770417259204,1.4815
0.96,0.02,0.98,0.04,1770417259205,1.4815
0.96,0.02,0.97,0.04,1770417259781,1.4812
0.96,0.03,0.97,0.04,1770417259782,1.4812
0.96,0.03,0.98,0.04,1770417263052,1.4811
0.96,0.02,0.98,0.04,1770417263054,1.4811
0.97,0.02,0.98,0.04,1770417263118,1.4811
0.97,0.02,0.98,0.03,1770417263124,1.4811
0.96,0.02,0.98,0.03,1770417263841,1.4824
0.96,0.02,0.98,0.04,1770417263866,1.4824
0.97,0.02,0.98,0.04,1770417267921,1.4813
0.97,0.02,0.98,0.03,1770417267949,1.4813
0.96,0.02,0.98,0.03,1770417268516,1.4815
0.96,0.02,0.98,0.04,1770417268856,1.4815
0.97,0.02,0.98,0.04,1770417269852,1.4816
0.97,0.02,0.98,0.03,1770417269853,1.4816
0.96,0.02,0.98,0.03,1770417269882,1.4816
0.97,0.02,0.98,0.04,1770417269900,1.4816
0.97,0.02,0.98,0.03,1770417269906,1.4816
0.96,0.02,0.98,0.03,1770417272184,1.483
0.96,0.02,0.98,0.04,1770417272209,1.483
0.97,0.02,0.98,0.04,1770417274226,1.4818
0.97,0.02,0.98,0.03,1770417274227,1.4818
0.96,0.02,0.98,0.03,1770417287472,1.4827
0.96,0.02,0.98,0.04,1770417287473,1.4827
0.97,0.02,0.98,0.04,1770417287550,1.4827
0.97,0.02,0.98,0.03,1770417287557,1.4827
0.96,0.02,0.98,0.03,1770417287641,1.4827
0.96,0.02,0.98,0.04,1770417287653,1.4827
0.97,0.02,0.98,0.04,1770417287934,1.4827
0.97,0.02,0.98,0.03,1770417287936,1.4827
0.96,0.02,0.98,0.03,1770417288838,1.4828
0.96,0.02,0.98,0.04,1770417288855,1.4828
0.96,0.03,0.98,0.04,1770417291344,1.4821
0.96,0.03,0.97,0.04,1770417291369,1.4821
0.96,0.02,0.97,0.04,1770417291876,1.4821
0.96,0.02,0.98,0.04,1770417291900,1.4821
0.97,0.02,0.98,0.04,1770417294443,1.4819
0.97,0.02,0.98,0.03,1770417294503,1.4819
0.96,0.02,0.98,0.03,1770417295038,1.4819
0.96,0.02,0.98,0.04,1770417295039,1.4819
0.96,0.03,0.98,0.04,1770417297878,1.4823
0.96,0.03,0.97,0.04,1770417297881,1.4823
0.96,0.02,0.97,0.04,1770417298410,1.4822
0.96,0.02,0.98,0.04,1770417298415,1.4822
0.97,0.02,0.98,0.04,1770417301718,1.4824
0.97,0.02,0.98,0.03,1770417301741,1.4824
0.96,0.02,0.98,0.03,1770417306173,1.4826
0.96,0.02,0.98,0.04,1770417306174,1.4826
0.97,0.02,0.98,0.04,1770417309303,1.4816
0.97,0.02,0.98,0.03,1770417309325,1.4816
0.96,0.02,0.98,0.03,1770417316797,1.4818
0.97,0.02,0.98,0.04,1770417316808,1.4818
0.97,0.02,0.98,0.03,1770417316815,1.4818
0.966,0.02,0.98,0.03,1770417331211,1.4846
0.966,0.02,0.98,0.034,1770417331280,1.4843
0.967,0.02,0.98,0.034,1770417331301,1.4843
0.967,0.02,0.98,0.033,1770417331317,1.4843
0.966,0.02,0.98,0.033,1770417331473,1.4843
0.966,0.02,0.98,0.034,1770417331480,1.4843
0.965,0.02,0.98,0.034,1770417331487,1.4843
0.965,0.02,0.98,0.035,1770417331488,1.4843
0.964,0.02,0.98,0.035,1770417331508,1.4843
0.964,0.02,0.98,0.036,1770417331510,1.4843
0.965,0.02,0.98,0.036,1770417331683,1.4843
0.965,0.02,0.98,0.035,1770417331761,1.4843
0.964,0.02,0.98,0.036,1770417331795,1.4843
0.97,0.02,0.98,0.036,1770417331862,1.4843
0.97,0.02,0.98,0.03,1770417331983,1.4843
0.967,0.02,0.98,0.03,1770417334225,1.4845
0.967,0.02,0.98,0.033,1770417334253,1.4841
0.966,0.02,0.98,0.033,1770417334307,1.4841
0.966,0.02,0.98,0.034,1770417334317,1.4841
0.967,0.02,0.98,0.034,1770417334438,1.4841
0.967,0.02,0.98,0.033,1770417334439,1.4841
0.966,0.02,0.98,0.033,1770417334654,1.4841
0.967,0.02,0.98,0.034,1770417334777,1.4841
0.967,0.02,0.98,0.033,1770417334778,1.4841
0.97,0.02,0.98,0.033,1770417334904,1.4841
0.97,0.02,0.98,0.03,1770417335059,1.4841
0.968,0.02,0.98,0.03,1770417335160,1.4841
0.968,0.02,0.98,0.032,1770417335169,1.4841
0.969,0.02,0.98,0.032,1770417335344,1.4848
0.969,0.02,0.98,0.031,1770417335347,1.4848
0.97,0.02,0.98,0.031,1770417335372,1.4848
0.97,0.02,0.98,0.03,1770417335378,1.4848
0.969,0.02,0.98,0.03,1770417335857,1.4848
0.969,0.02,0.98,0.031,1770417336052,1.4848
0.97,0.02,0.98,0.031,1770417336068,1.4848
0.97,0.02,0.98,0.03,1770417336069,1.4848
0.971,0.02,0.98,0.03,1770417336469,1.4852
0.971,0.02,0.98,0.029,1770417336470,1.4852
0.969,0.02,0.98,0.029,1770417336504,1.4852
0.969,0.02,0.98,0.031,1770417336533,1.4852
0.97,0.02,0.98,0.031,1770417336559,1.4852
0.97,0.02,0.98,0.03,1770417336564,1.4852
0.971,0.02,0.98,0.03,1770417338253,1.4851
0.971,0.02,0.98,0.029,1770417338254,1.4851
0.97,0.02,0.98,0.029,1770417338304,1.4852
0.97,0.02,0.98,0.03,1770417338305,1.4852
0.971,0.02,0.98,0.03,1770417338368,1.4852
0.971,0.02,0.98,0.029,1770417338374,1.4852
0.97,0.02,0.98,0.029,1770417338487,1.4852
0.97,0.02,0.98,0.03,1770417338511,1.4852
0.971,0.02,0.98,0.03,1770417338514,1.4852
0.971,0.02,0.98,0.029,1770417338534,1.4852
0.972,0.02,0.98,0.029,1770417339146,1.4852
0.971,0.02,0.98,0.028,1770417339171,1.4852
0.972,0.02,0.98,0.029,1770417339251,1.4854
0.972,0.02,0.98,0.028,1770417339317,1.4854
0.971,0.02,0.98,0.028,1770417339853,1.4854
0.971,0.02,0.98,0.029,1770417340402,1.4854
0.972,0.02,0.98,0.029,1770417340460,1.4854
0.971,0.02,0.98,0.028,1770417340484,1.4854
0.971,0.02,0.98,0.029,1770417340561,1.4854
0.972,0.02,0.98,0.029,1770417340870,1.4854
0.972,0.02,0.98,0.028,1770417340888,1.4854
0.971,0.02,0.98,0.028,1770417340980,1.4854
0.971,0.02,0.98,0.029,1770417340981,1.4854
0.972,0.02,0.98,0.029,1770417341098,1.4854
0.972,0.02,0.98,0.028,1770417341100,1.4854
0.973,0.02,0.98,0.028,1770417341581,1.4855
0.973,0.02,0.98,0.027,1770417341608,1.4855
0.973,0.01,0.98,0.027,1770417341784,1.4855
0.973,0.01,0.99,0.027,1770417341810,1.4855
0.972,0.01,0.99,0.027,1770417342286,1.4856
0.972,0.01,0.99,0.028,1770417342344,1.4856
0.973,0.01,0.99,0.028,1770417342748,1.4856
0.973,0.01,0.99,0.027,1770417342972,1.4856
0.974,0.01,0.99,0.027,1770417343472,1.4856
0.974,0.01,0.99,0.026,1770417343474,1.4856
0.973,0.01,0.99,0.026,1770417343509,1.4856
0.973,0.01,0.99,0.027,1770417343774,1.4856
0.974,0.01,0.99,0.027,1770417344149,1.4856
0.974,0.01,0.99,0.026,1770417344150,1.4856
0.973,0.01,0.99,0.026,1770417344353,1.4856
0.973,0.01,0.99,0.027,1770417344671,1.4856
0.973,0.01,0.98,0.027,1770417344867,1.4856
0.973,0.02,0.98,0.027,1770417344892,1.4856
0.974,0.02,0.98,0.027,1770417344981,1.4856
0.974,0.02,0.98,0.026,1770417345500,1.4857
0.973,0.02,0.98,0.026,1770417345502,1.4857
0.973,0.02,0.98,0.027,1770417345529,1.4857
0.974,0.02,0.98,0.027,1770417346051,1.4857
0.974,0.02,0.98,0.026,1770417346057,1.4857
0.975,0.02,0.98,0.026,1770417346110,1.4857
0.975,0.02,0.98,0.025,1770417346111,1.4857
0.976,0.02,0.98,0.025,1770417346154,1.4857
0.976,0.02,0.98,0.024,1770417346155,1.4857
0.977,0.02,0.98,0.024,1770417346187,1.4857
0.977,0.02,0.98,0.023,1770417346189,1.4857
0.978,0.02,0.98,0.023,1770417346224,1.4857
0.978,0.02,0.98,0.022,1770417346578,1.4863
0.976,0.02,0.98,0.022,1770417347156,1.4863
0.976,0.02,0.98,0.024,1770417347159,1.4863
0.975,0.02,0.98,0.025,1770417347160,1.4863
0.976,0.02,0.98,0.025,1770417347434,1.4867
0.976,0.02,0.98,0.024,1770417347520,1.4867
0.977,0.02,0.98,0.024,1770417349348,1.4862
0.977,0.02,0.98,0.023,1770417349355,1.4862
0.978,0.02,0.98,0.023,1770417349406,1.4862
0.978,0.02,0.98,0.022,1770417349468,1.4862
0.979,0.02,0.98,0.022,1770417349693,1.4862
0.979,0.02,0.98,0.021,1770417349694,1.4862
0.979,0.02,0.99,0.021,1770417349720,1.4862
0.979,0.01,0.99,0.021,1770417349745,1.4862
0.978,0.01,0.99,0.021,1770417349915,1.4862
0.978,0.01,0.99,0.022,1770417349929,1.4862
0.978,0.01,0.98,0.022,1770417349948,1.4862
0.978,0.02,0.98,0.022,1770417349952,1.4862
0.977,0.02,0.98,0.022,1770417350038,1.4862
0.977,0.02,0.98,0.023,1770417350112,1.4862
0.976,0.02,0.98,0.023,1770417350437,1.4866
0.977,0.02,0.98,0.024,1770417350516,1.4866
0.977,0.02,0.98,0.023,1770417350563,1.4866
0.977,0.01,0.98,0.023,1770417352066,1.4866
0.977,0.01,0.99,0.023,1770417352067,1.4866
0.976,0.01,0.99,0.023,1770417352177,1.4866
0.976,0.01,0.99,0.024,1770417352184,1.4866
0.975,0.01,0.99,0.024,1770417352352,1.4865
0.976,0.01,0.99,0.025,1770417352433,1.4865
0.976,0.01,0.99,0.024,1770417352543,1.4865
0.977,0.01,0.99,0.023,1770417352555,1.4865
0.976,0.01,0.99,0.023,1770417352566,1.4865
0.976,0.01,0.99,0.024,1770417352581,1.4865
0.977,0.01,0.99,0.024,1770417352752,1.4865
0.977,0.01,0.99,0.023,1770417352805,1.4865
0.976,0.01,0.99,0.023,1770417354074,1.4863
0.976,0.01,0.99,0.024,1770417354356,1.4863
0.977,0.01,0.99,0.024,1770417354449,1.4863
0.977,0.01,0.99,0.023,1770417354741,1.4863
0.98,0.01,0.99,0.023,1770417355448,1.4864
0.98,0.01,0.99,0.02,1770417355470,1.4864
0.977,0.01,0.99,0.02,1770417360400,1.4857
0.977,0.01,0.99,0.023,1770417360422,1.4857
0.98,0.01,0.99,0.023,1770417360474,1.4857
0.98,0.01,0.99,0.02,1770417360554,1.4857
0.977,0.01,0.99,0.02,1770417365409,1.4858
0.977,0.01,0.99,0.023,1770417365433,1.4858
0.98,0.01,0.99,0.023,1770417365474,1.4858
0.98,0.01,0.99,0.02,1770417365488,1.4858
0.977,0.01,0.99,0.02,1770417370400,1.4849
0.977,0.01,0.99,0.023,1770417370499,1.4849
0.98,0.01,0.99,0.023,1770417370512,1.4849
0.98,0.01,0.99,0.02,1770417370553,1.4849
0.98,0.011,0.99,0.02,1770417371171,1.4849
0.98,0.011,0.989,0.02,1770417371195,1.4849
0.977,0.011,0.989,0.02,1770417373272,1.4846
0.977,0.011,0.989,0.023,1770417373310,1.4846
0.977,0.02,0.98,0.023,1770417373321,1.4846
0.977,0.01,0.98,0.023,1770417376960,1.4848
0.977,0.01,0.99,0.023,1770417376987,1.4848
0.977,0.011,0.99,0.023,1770417377209,1.4848
0.977,0.011,0.989,0.023,1770417377239,1.4848
0.98,0.011,0.989,0.023,1770417378853,1.4851
0.98,0.011,0.989,0.02,1770417378859,1.4851
0.98,0.01,0.989,0.02,1770417381663,1.486
0.98,0.01,0.99,0.02,1770417381664,1.486
0.98,0.011,0.99,0.02,1770417382406,1.4859
0.98,0.011,0.989,0.02,1770417382429,1.4859
0.98,0.01,0.989,0.02,1770417383425,1.486
0.98,0.01,0.99,0.02,1770417383427,1.486
0.977,0.01,0.99,0.02,1770417383795,1.486
0.977,0.01,0.99,0.023,1770417383817,1.486
0.98,0.01,0.99,0.023,1770417383880,1.486
0.98,0.01,0.99,0.02,1770417383898,1.486
0.98,0.011,0.99,0.02,1770417383995,1.486
0.98,0.011,0.989,0.02,1770417383998,1.486
0.979,0.011,0.989,0.02,1770417388788,1.4859
0.979,0.011,0.989,0.021,1770417388814,1.4859
0.98,0.011,0.989,0.021,1770417388827,1.4859
0.98,0.011,0.989,0.02,1770417388836,1.4859
0.981,0.011,0.989,0.02,1770417389602,1.4864
0.981,0.011,0.989,0.019,1770417389633,1.4864
0.982,0.011,0.989,0.019,1770417389969,1.4864
0.982,0.011,0.989,0.018,1770417390003,1.4864
0.983,0.011,0.989,0.018,1770417390035,1.4864
0.983,0.011,0.989,0.017,1770417390047,1.4864
0.984,0.011,0.989,0.017,1770417390381,1.4868
0.984,0.011,0.989,0.016,1770417390382,1.4868
0.985,0.011,0.989,0.016,1770417390433,1.4868
0.985,0.011,0.989,0.015,1770417390434,1.4868
0.984,0.011,0.989,0.015,1770417390523,1.4868
0.985,0.011,0.989,0.016,1770417390689,1.4868
0.985,0.011,0.989,0.015,1770417390690,1.4868
0.984,0.011,0.989,0.015,1770417391148,1.4868
0.985,0.011,0.989,0.016,1770417391217,1.4868
0.985,0.011,0.989,0.015,1770417391218,1.4868
0.984,0.011,0.989,0.015,1770417391251,1.4871
0.985,0.011,0.989,0.016,1770417391360,1.4871
0.985,0.011,0.989,0.015,1770417391577,1.4871
0.986,0.011,0.989,0.015,1770417391673,1.4871
0.986,0.011,0.989,0.014,1770417391674,1.4871
0.987,0.011,0.989,0.014,1770417391769,1.4871
0.987,0.011,0.989,0.013,1770417391772,1.4871
0.986,0.011,0.989,0.013,1770417391851,1.4871
0.987,0.011,0.989,0.014,1770417391930,1.4871
0.987,0.011,0.989,0.013,1770417392072,1.4871
0.987,0.009,0.989,0.013,1770417392892,1.4876
0.987,0.009,0.991,0.013,1770417392910,1.4876
0.988,0.009,0.991,0.013,1770417392913,1.4876
0.988,0.009,0.991,0.012,1770417392915,1.4876
0.987,0.009,0.991,0.012,1770417392941,1.4876
0.987,0.009,0.991,0.013,1770417392948,1.4876
0.988,0.009,0.991,0.013,1770417393036,1.4876
0.988,0.009,0.991,0.012,1770417393037,1.4876
0.989,0.009,0.991,0.012,1770417393067,1.4876
0.989,0.009,0.991,0.011,1770417393088,1.4876
0.988,0.009,0.991,0.011,1770417393090,1.4876
0.988,0.009,0.991,0.012,1770417393098,1.4876
0.987,0.009,0.991,0.012,1770417393489,1.4881
0.987,0.009,0.991,0.013,1770417393493,1.4881
0.986,0.009,0.991,0.013,1770417393504,1.4881
0.986,0.009,0.991,0.014,1770417393521,1.4881
0.987,0.009,0.991,0.014,1770417393571,1.4881
0.987,0.009,0.991,0.013,1770417393583,1.4881
0.986,0.009,0.991,0.013,1770417393672,1.4881
0.987,0.009,0.991,0.014,1770417393742,1.4881
0.987,0.009,0.991,0.013,1770417393743,1.4881
0.988,0.009,0.991,0.013,1770417393942,1.4881
0.988,0.009,0.991,0.012,1770417393943,1.4881
0.987,0.009,0.991,0.012,1770417393974,1.4881
0.987,0.009,0.991,0.013,1770417394009,1.4881
0.986,0.009,0.991,0.013,1770417394451,1.4878
0.986,0.009,0.991,0.014,1770417394613,1.4878
0.985,0.009,0.991,0.015,1770417394736,1.4878
0.984,0.009,0.991,0.015,1770417394774,1.4878
0.984,0.009,0.991,0.016,1770417394775,1.4878
0.983,0.009,0.991,0.016,1770417394901,1.4878
0.983,0.009,0.991,0.017,1770417394921,1.4878
0.97,0.009,0.991,0.017,1770417394977,1.4878
0.97,0.009,0.991,0.03,1770417394978,1.4878
0.982,0.009,0.991,0.03,1770417394979,1.4878
0.982,0.009,0.991,0.018,1770417395007,1.4878
0.982,0.01,0.991,0.018,1770417395046,1.4878
0.983,0.01,0.99,0.018,1770417395065,1.4878
0.983,0.01,0.99,0.017,1770417395070,1.4878
0.982,0.01,0.99,0.017,1770417395094,1.4878
0.982,0.009,0.99,0.018,1770417395101,1.4878
0.982,0.009,0.991,0.018,1770417395131,1.4878
0.981,0.009,0.991,0.018,1770417395196,1.4878
0.981,0.01,0.991,0.019,1770417395239,1.4878
0.982,0.01,0.99,0.019,1770417395259,1.4867
0.982,0.01,0.99,0.018,1770417395262,1.4867
0.982,0.009,0.99,0.018,1770417395284,1.4867
0.981,0.009,0.991,0.018,1770417395306,1.4867
0.981,0.009,0.991,0.019,1770417395311,1.4867
0.981,0.01,0.991,0.019,1770417395338,1.4867
0.981,0.01,0.99,0.019,1770417395341,1.4867
0.982,0.01,0.99,0.019,1770417395387,1.4867
0.982,0.01,0.99,0.018,1770417395388,1.4867
0.982,0.009,0.99,0.018,1770417395415,1.4867
0.982,0.009,0.991,0.018,1770417395420,1.4867
0.981,0.009,0.991,0.018,1770417395430,1.4867
0.981,0.009,0.991,0.019,1770417395431,1.4867
0.981,0.01,0.991,0.019,1770417395454,1.4867
0.981,0.01,0.99,0.019,1770417395462,1.4867
0.982,0.01,0.99,0.019,1770417395922,1.4867
0.982,0.009,0.99,0.018,1770417395974,1.4867
0.982,0.009,0.991,0.018,1770417396008,1.4867
0.983,0.009,0.991,0.018,1770417396057,1.4867
0.984,0.009,0.991,0.017,1770417396086,1.4867
0.984,0.009,0.991,0.016,1770417396091,1.4867
0.985,0.009,0.991,0.016,1770417396339,1.4869
0.985,0.009,0.991,0.015,1770417396385,1.4869
0.986,0.009,0.991,0.015,1770417396543,1.4869
0.986,0.009,0.991,0.014,1770417396544,1.4869
0.985,0.009,0.991,0.014,1770417396591,1.4869
0.985,0.009,0.991,0.015,1770417396595,1.4869
0.99,0.009,0.991,0.015,1770417396655,1.4869
0.99,0.009,0.991,0.01,1770417396664,1.4869
0.989,0.009,0.991,0.01,1770417401583,1.4886
0.989,0.009,0.991,0.011,1770417401615,1.4886
0.99,0.009,0.991,0.011,1770417401654,1.4886
0.99,0.009,0.991,0.01,1770417401655,1.4886
0.99,0.005,0.991,0.01,1770417403486,1.4874
0.99,0.005,0.995,0.01,1770417403487,1.4874
0.989,0.005,0.995,0.01,1770417406588,1.4872
0.989,0.005,0.995,0.011,1770417406616,1.4872
0.99,0.005,0.995,0.011,1770417406671,1.4872
0.99,0.005,0.995,0.01,1770417406694,1.4872
0.99,0.004,0.995,0.01,1770417408938,1.4872
0.99,0.004,0.996,0.01,1770417409062,1.4872
0.99,0.003,0.996,0.01,1770417410808,1.4871
0.99,0.003,0.997,0.01,1770417410932,1.4871
0.99,0.003,0.997,0.009,1770417414821,1.4872
0.991,0.003,0.997,0.009,1770417414822,1.4872
0.991,0.003,0.997,0.005,1770417419653,1.4871
0.995,0.003,0.997,0.005,1770417419654,1.4871
0.995,0.003,0.997,0.007,1770417420236,1.4871
0.993,0.003,0.997,0.007,1770417420396,1.4869
0.993,0.003,0.997,0.005,1770417421426,1.4871
0.995,0.003,0.997,0.005,1770417421463,1.4871
0.995,0.003,0.997,0.007,1770417427856,1.4868
0.993,0.003,0.997,0.007,1770417427906,1.4868
0.993,0.003,0.997,0.009,1770417433712,1.4855
0.991,0.003,0.997,0.009,1770417434011,1.4855
0.991,0.003,0.997,0.005,1770417435685,1.4844
0.995,0.003,0.997,0.005,1770417435686,1.4844
0.995,0.003,0.997,0.009,1770417437011,1.4847
0.991,0.003,0.997,0.009,1770417437012,1.4847
0.991,0.003,0.997,0.01,1770417438153,1.4844
0.99,0.003,0.997,0.01,1770417438411,1.4842
0.988,0.003,0.997,0.01,1770417439525,1.4837
0.988,0.003,0.997,0.012,1770417439526,1.4837
0.988,0.003,0.997,0.008,1770417439719,1.4837
0.992,0.003,0.997,0.008,1770417439723,1.4837
0.992,0.003,0.997,0.009,1770417442974,1.4836
0.991,0.003,0.997,0.009,1770417443002,1.4836
0.991,0.003,0.997,0.012,1770417443840,1.4834
0.988,0.003,0.997,0.012,1770417443841,1.4834
0.988,0.003,0.997,0.006,1770417444117,1.4834
0.994,0.003,0.997,0.006,1770417444141,1.4834
0.994,0.003,0.997,0.012,1770417448999,1.4834
0.988,0.003,0.997,0.012,1770417449024,1.4834
0.987,0.003,0.997,0.012,1770417449700,1.4827
0.987,0.003,0.997,0.013,1770417449728,1.4827
0.986,0.003,0.997,0.013,1770417451968,1.4821
0.986,0.003,0.997,0.014,1770417451969,1.4821
0.986,0.003,0.997,0.012,1770417455427,1.4831
0.988,0.003,0.997,0.012,1770417455722,1.4831
0.988,0.003,0.997,0.01,1770417474950,1.4833
0.99,0.003,0.997,0.01,1770417474976,1.4833
0.99,0.003,0.997,0.012,1770417486052,1.4834
0.988,0.003,0.997,0.012,1770417486053,1.4834
0.989,0.003,0.997,0.012,1770417508401,1.4864
0.989,0.003,0.997,0.011,1770417508402,1.4864
0.99,0.003,0.997,0.011,1770417508423,1.4864
0.99,0.003,0.997,0.01,1770417508444,1.4864
0.991,0.003,0.997,0.01,1770417508449,1.4864
0.991,0.003,0.997,0.009,1770417508450,1.4864
0.992,0.003,0.997,0.009,1770417508496,1.4864
0.991,0.003,0.997,0.008,1770417508519,1.4864
0.991,0.003,0.997,0.009,1770417508552,1.4864
0.992,0.003,0.997,0.009,1770417508582,1.4864
0.992,0.003,0.997,0.008,1770417508596,1.4864
0.99,0.003,0.997,0.008,1770417508621,1.4864
0.99,0.003,0.997,0.01,1770417508626,1.4864
0.991,0.003,0.997,0.01,1770417508690,1.4864
0.991,0.003,0.997,0.009,1770417508695,1.4864
0.99,0.003,0.997,0.009,1770417508790,1.4864
0.99,0.003,0.997,0.01,1770417508924,1.4864
0.991,0.003,0.997,0.01,1770417511887,1.4865
0.991,0.003,0.997,0.009,1770417511888,1.4865
0.992,0.003,0.997,0.009,1770417511949,1.4865
0.992,0.003,0.997,0.008,1770417511954,1.4865
0.993,0.003,0.997,0.008,1770417511965,1.4865
0.993,0.003,0.997,0.007,1770417511966,1.4865
0.994,0.003,0.997,0.007,1770417511992,1.4865
0.994,0.003,0.997,0.006,1770417511995,1.4865
0.995,0.003,0.997,0.006,1770417512028,1.4865
0.995,0.003,0.997,0.005,1770417512029,1.4865
0.994,0.003,0.997,0.005,1770417512076,1.4865
0.995,0.003,0.997,0.006,1770417512164,1.4865
0.995,0.003,0.997,0.005,1770417512167,1.4865
0.994,0.003,0.997,0.005,1770417513142,1.4878
0.994,0.003,0.997,0.006,1770417513229,1.4878
0.993,0.003,0.997,0.006,1770417513231,1.4878
0.994,0.003,0.997,0.007,1770417513308,1.4881
0.994,0.003,0.997,0.006,1770417513310,1.4881
0.993,0.003,0.997,0.006,1770417513335,1.4881
0.993,0.003,0.997,0.007,1770417513667,1.4881
0.992,0.003,0.997,0.007,1770417514160,1.4881
0.993,0.003,0.997,0.008,1770417514237,1.4881
0.993,0.003,0.997,0.007,1770417514255,1.4881
0.994,0.003,0.997,0.007,1770417514405,1.4874
0.994,0.003,0.997,0.006,1770417514406,1.4874
0.995,0.003,0.997,0.006,1770417514446,1.4874
0.995,0.003,0.997,0.005,1770417514447,1.4874
0.994,0.003,0.997,0.005,1770417515227,1.4874
0.994,0.003,0.997,0.006,1770417515301,1.4878
0.995,0.003,0.997,0.006,1770417515329,1.4878
0.995,0.003,0.997,0.005,1770417515362,1.4878
0.994,0.003,0.997,0.005,1770417515379,1.4878
0.994,0.003,0.997,0.006,1770417515453,1.4878
0.995,0.003,0.997,0.006,1770417515762,1.4878
0.995,0.003,0.997,0.005,1770417515837,1.4878
0.996,0.003,0.997,0.005,1770417515839,1.4878
0.996,0.003,0.997,0.004,1770417515840,1.4878
0.995,0.003,0.997,0.004,1770417517280,1.4888
0.996,0.003,0.997,0.005,1770417517358,1.4885
0.996,0.003,0.997,0.004,1770417517359,1.4885
0.995,0.003,0.997,0.004,1770417524360,1.4882
0.995,0.003,0.997,0.005,1770417524373,1.4882
0.994,0.003,0.997,0.005,1770417524381,1.4882
0.994,0.003,0.997,0.006,1770417524448,1.4882
0.993,0.003,0.997,0.006,1770417524673,1.4882
0.993,0.003,0.997,0.007,1770417524961,1.4882
0.994,0.003,0.997,0.007,1770417525072,1.4882
0.994,0.003,0.997,0.006,1770417525074,1.4882
0.993,0.003,0.997,0.006,1770417525329,1.4875
0.993,0.003,0.997,0.007,1770417525362,1.4875
0.994,0.003,0.997,0.007,1770417527227,1.4873
0.994,0.003,0.997,0.006,1770417527233,1.4873
0.995,0.003,0.997,0.006,1770417527461,1.4873
0.995,0.003,0.997,0.005,1770417527462,1.4873
0.996,0.003,0.997,0.005,1770417527488,1.4873
0.996,0.003,0.997,0.004,1770417527492,1.4873
0.995,0.003,0.997,0.004,1770417540208,1.4884
0.995,0.003,0.997,0.005,1770417540294,1.4883
0.994,0.003,0.997,0.005,1770417540735,1.4883
0.994,0.003,0.997,0.006,1770417541254,1.4876
0.993,0.003,0.997,0.006,1770417541589,1.4876
0.993,0.003,0.997,0.007,1770417541609,1.4876
0.994,0.003,0.997,0.007,1770417541678,1.4876
0.994,0.003,0.997,0.006,1770417541747,1.4876
0.993,0.003,0.997,0.006,1770417541749,1.4876
0.994,0.003,0.997,0.007,1770417541845,1.4876
0.994,0.003,0.997,0.006,1770417541846,1.4876
0.993,0.003,0.997,0.006,1770417541881,1.4876
0.993,0.003,0.997,0.007,1770417542107,1.4876
0.992,0.003,0.997,0.007,1770417542315,1.4875
0.992,0.003,0.997,0.008,1770417542356,1.4875
0.993,0.003,0.997,0.008,1770417542375,1.4875
0.993,0.003,0.997,0.007,1770417542378,1.4875
0.994,0.003,0.997,0.007,1770417542440,1.4875
0.994,0.003,0.997,0.006,1770417542444,1.4875
0.993,0.003,0.997,0.006,1770417542578,1.4875
0.993,0.003,0.997,0.007,1770417542867,1.4875
0.992,0.003,0.997,0.007,1770417543585,1.4876
0.992,0.003,0.997,0.008,1770417543587,1.4876
0.993,0.003,0.997,0.008,1770417543661,1.4876
0.993,0.003,0.997,0.007,1770417543663,1.4876
0.992,0.003,0.997,0.007,1770417543774,1.4876
0.992,0.003,0.997,0.008,1770417543807,1.4876
0.991,0.003,0.997,0.008,1770417543829,1.4876
0.991,0.003,0.997,0.009,1770417543987,1.4876
0.99,0.003,0.997,0.009,1770417543992,1.4876
0.99,0.003,0.997,0.01,1770417543993,1.4876
0.99,0.003,0.997,0.012,1770417546709,1.4847
0.988,0.003,0.997,0.012,1770417546736,1.4847
0.988,0.003,0.997,0.013,1770417548011,1.4833
0.987,0.003,0.997,0.013,1770417548554,1.4821
0.972,0.003,0.997,0.013,1770417552753,1.4822
0.972,0.003,0.997,0.028,1770417552772,1.4822
0.972,0.01,0.997,0.028,1770417552780,1.4822
0.972,0.01,0.99,0.028,1770417552781,1.4822
0.972,0.003,0.99,0.028,1770417552865,1.4822
0.972,0.003,0.997,0.028,1770417552895,1.4822
0.972,0.01,0.997,0.028,1770417552897,1.4822
0.972,0.01,0.99,0.028,1770417552901,1.4822
0.98,0.01,0.99,0.028,1770417553020,1.4822
0.98,0.01,0.99,0.02,1770417553021,1.4822
0.98,0.01,0.99,0.028,1770417553295,1.4819
0.971,0.01,0.99,0.029,1770417553356,1.4819
0.972,0.01,0.99,0.029,1770417553436,1.4819
0.972,0.01,0.99,0.028,1770417553439,1.4819
0.973,0.01,0.99,0.028,1770417553485,1.4819
0.973,0.01,0.99,0.027,1770417553486,1.4819
0.972,0.01,0.99,0.027,1770417553525,1.4819
0.972,0.01,0.99,0.028,1770417553526,1.4819
0.973,0.01,0.99,0.028,1770417553608,1.4819
0.973,0.01,0.99,0.027,1770417553609,1.4819
0.974,0.01,0.99,0.027,1770417553864,1.4819
0.974,0.01,0.99,0.026,1770417553875,1.4819
0.974,0.003,0.99,0.026,1770417553891,1.4819
0.974,0.003,0.997,0.026,1770417553892,1.4819
0.974,0.01,0.997,0.026,1770417553895,1.4819
0.974,0.01,0.99,0.026,1770417553896,1.4819
0.973,0.01,0.99,0.026,1770417553996,1.4819
0.973,0.01,0.99,0.027,1770417554039,1.4819
0.974,0.01,0.99,0.027,1770417554075,1.4819
0.974,0.01,0.99,0.026,1770417554076,1.4819
0.975,0.01,0.99,0.026,1770417554103,1.4819
0.975,0.01,0.99,0.025,1770417554104,1.4819
0.974,0.01,0.99,0.025,1770417554128,1.4819
0.974,0.01,0.99,0.026,1770417554189,1.4819
0.975,0.01,0.99,0.026,1770417554213,1.4819
0.975,0.01,0.99,0.025,1770417554217,1.4819
0.976,0.01,0.99,0.025,1770417554731,1.4826
0.976,0.01,0.99,0.024,1770417554732,1.4826
0.977,0.01,0.99,0.024,1770417554793,1.4826
0.977,0.01,0.99,0.023,1770417554794,1.4826
0.98,0.01,0.99,0.023,1770417554929,1.4826
0.98,0.01,0.99,0.02,1770417554943,1.4826
0.979,0.01,0.99,0.02,1770417560014,1.4847
0.979,0.01,0.99,0.021,1770417560015,1.4847
0.98,0.01,0.99,0.021,1770417665731,1.4856
0.98,0.01,0.99,0.02,1770417665755,1.4856
0.979,0.01,0.99,0.02,1770417665857,1.4856
0.979,0.01,0.99,0.021,1770417665858,1.4856
0.98,0.01,0.99,0.021,1770417667746,1.4856
0.981,0.01,0.99,0.02,1770417667778,1.4856
0.981,0.01,0.99,0.019,1770417667786,1.4856
0.982,0.01,0.99,0.019,1770417667824,1.4856
0.982,0.01,0.99,0.018,1770417667831,1.4856
0.982,0.003,0.99,0.018,1770417667839,1.4856
0.982,0.003,0.997,0.018,1770417667840,1.4856
0.983,0.003,0.997,0.018,1770417667843,1.4856
0.983,0.003,0.997,0.017,1770417667852,1.4856
0.984,0.003,0.997,0.017,1770417667874,1.4856
0.984,0.003,0.997,0.016,1770417667875,1.4856
0.985,0.003,0.997,0.016,1770417667906,1.4856
0.985,0.003,0.997,0.015,1770417667931,1.4856
0.986,0.003,0.997,0.015,1770417667939,1.4856
0.986,0.003,0.997,0.014,1770417667940,1.4856
0.987,0.003,0.997,0.014,1770417667978,1.4856
0.987,0.003,0.997,0.013,1770417668017,1.4856
0.988,0.003,0.997,0.013,1770417668018,1.4856
0.988,0.003,0.997,0.012,1770417668051,1.4856
0.989,0.003,0.997,0.012,1770417668054,1.4856
0.989,0.003,0.997,0.011,1770417668094,1.4856
0.99,0.003,0.997,0.011,1770417668100,1.4856
0.99,0.003,0.997,0.01,1770417668126,1.4856
0.991,0.003,0.997,0.01,1770417668129,1.4856
0.991,0.003,0.997,0.009,1770417668166,1.4856
0.992,0.003,0.997,0.009,1770417668170,1.4856
0.992,0.003,0.997,0.008,1770417668171,1.4856
0.993,0.003,0.997,0.008,1770417668268,1.4852
0.993,0.003,0.997,0.007,1770417668294,1.4852
0.994,0.003,0.997,0.007,1770417668313,1.4852
0.994,0.003,0.997,0.006,1770417668348,1.4852
0.995,0.003,0.997,0.006,1770417668349,1.4852
0.995,0.003,0.997,0.005,1770417668552,1.4852
0.994,0.003,0.997,0.005,1770417668962,1.4852
0.994,0.003,0.997,0.006,1770417669098,1.4852
0.993,0.003,0.997,0.006,1770417670060,1.4851
0.993,0.003,0.997,0.007,1770417670061,1.4851
0.992,0.003,0.997,0.007,1770417671354,1.4848
0.992,0.003,0.997,0.008,1770417671468,1.4848
0.991,0.003,0.997,0.008,1770417672279,1.4846
0.991,0.003,0.997,0.009,1770417672301,1.4846
0.99,0.003,0.997,0.009,1770417673258,1.4846
0.99,0.003,0.997,0.01,1770417673259,1.4846
0.98,0.003,0.997,0.01,1770417681411,1.4834
0.98,0.003,0.997,0.02,1770417681412,1.4834
0.979,0.003,0.997,0.02,1770417681413,1.4834
0.979,0.003,0.997,0.021,1770417681414,1.4834
0.979,0.01,0.997,0.021,1770417681415,1.4834
0.979,0.01,0.99,0.021,1770417681429,1.4834
0.978,0.01,0.99,0.021,1770417681855,1.4834
0.978,0.01,0.99,0.022,1770417681871,1.4834
0.979,0.01,0.99,0.022,1770417682973,1.4835
0.979,0.01,0.99,0.021,1770417682981,1.4835
0.98,0.01,0.99,0.021,1770417682999,1.4835
0.98,0.01,0.99,0.02,1770417683000,1.4835
0.981,0.01,0.99,0.02,1770417683027,1.4835
0.981,0.01,0.99,0.019,1770417683034,1.4835
0.982,0.01,0.99,0.019,1770417683061,1.4835
0.982,0.01,0.99,0.018,1770417683079,1.4835
0.982,0.003,0.99,0.018,1770417683086,1.4835
0.982,0.003,0.997,0.018,1770417683087,1.4835
0.983,0.003,0.997,0.017,1770417683104,1.4835
0.984,0.003,0.997,0.017,1770417683116,1.4835
0.984,0.003,0.997,0.016,1770417683129,1.4835
0.985,0.003,0.997,0.016,1770417683141,1.4835
0.985,0.003,0.997,0.015,1770417683144,1.4835
0.986,0.003,0.997,0.015,1770417683165,1.4835
0.986,0.003,0.997,0.014,1770417683221,1.4835
0.987,0.003,0.997,0.014,1770417683223,1.4835
0.987,0.003,0.997,0.013,1770417683244,1.4835
0.988,0.003,0.997,0.013,1770417683259,1.4835
0.988,0.003,0.997,0.012,1770417683270,1.4835
0.989,0.003,0.997,0.012,1770417683305,1.4835
0.989,0.003,0.997,0.011,1770417683344,1.4835
0.99,0.003,0.997,0.011,1770417683382,1.4835
0.99,0.003,0.997,0.01,1770417683383,1.4835
0.978,0.003,0.997,0.01,1770417683537,1.4835
0.978,0.003,0.997,0.022,1770417683538,1.4835
0.978,0.01,0.997,0.022,1770417683563,1.4835
0.978,0.01,0.99,0.022,1770417683585,1.4835
0.979,0.01,0.99,0.022,1770417683702,1.4835
0.979,0.01,0.99,0.021,1770417683707,1.4835
0.978,0.01,0.99,0.021,1770417684106,1.4835
0.978,0.01,0.99,0.022,1770417684107,1.4835
0.979,0.01,0.99,0.022,1770417684162,1.4835
0.979,0.01,0.99,0.021,1770417684163,1.4835
0.98,0.01,0.99,0.021,1770417684196,1.4835
0.98,0.01,0.99,0.02,1770417684213,1.4835
0.981,0.01,0.99,0.02,1770417684336,1.4837
0.981,0.01,0.99,0.019,1770417684360,1.4837
0.982,0.01,0.99,0.019,1770417685142,1.4837
0.982,0.01,0.99,0.018,1770417685164,1.4837
0.983,0.01,0.99,0.018,1770417685197,1.4837
0.983,0.01,0.99,0.017,1770417685198,1.4837
0.982,0.01,0.99,0.017,1770417685246,1.4837
0.982,0.01,0.99,0.018,1770417685316,1.4841
0.983,0.01,0.99,0.018,1770417685323,1.4841
0.983,0.01,0.99,0.017,1770417685404,1.4841
0.984,0.01,0.99,0.017,1770417685884,1.4841
0.984,0.01,0.99,0.016,1770417686165,1.4841
0.985,0.01,0.99,0.016,1770417686292,1.4847
0.985,0.01,0.99,0.015,1770417686295,1.4847
0.984,0.01,0.99,0.015,1770417686319,1.4847
0.985,0.01,0.99,0.016,1770417686396,1.4847
0.985,0.01,0.99,0.015,1770417686474,1.4847
0.986,0.01,0.99,0.015,1770417686842,1.4847
0.986,0.01,0.99,0.014,1770417686843,1.4847
0.987,0.01,0.99,0.014,1770417687516,1.485
0.986,0.01,0.99,0.013,1770417687552,1.485
0.986,0.01,0.99,0.014,1770417687814,1.485
0.987,0.01,0.99,0.014,1770417688519,1.4853
0.987,0.01,0.99,0.013,1770417688554,1.4853
0.986,0.01,0.99,0.013,1770417688568,1.4853
0.986,0.01,0.99,0.014,1770417688580,1.4853
0.985,0.01,0.99,0.014,1770417688638,1.4853
0.985,0.01,0.99,0.015,1770417688647,1.4853
0.984,0.01,0.99,0.015,1770417688648,1.4853
0.984,0.01,0.99,0.016,1770417688755,1.4853
0.983,0.01,0.99,0.016,1770417689142,1.4853
0.983,0.01,0.99,0.017,1770417689152,1.4853
0.984,0.01,0.99,0.017,1770417689687,1.4849
0.983,0.01,0.99,0.016,1770417689710,1.4849
0.983,0.01,0.99,0.017,1770417689711,1.4849
0.984,0.01,0.99,0.017,1770417689841,1.4849
0.983,0.01,0.99,0.016,1770417689850,1.4849
0.983,0.01,0.99,0.017,1770417689907,1.4849
0.982,0.01,0.99,0.017,1770417690395,1.4847
0.982,0.01,0.99,0.018,1770417690462,1.4847
0.983,0.01,0.99,0.018,1770417691038,1.4847
0.983,0.01,0.99,0.017,1770417691039,1.4847
0.984,0.01,0.99,0.017,1770417691080,1.4847
0.984,0.01,0.99,0.016,1770417691605,1.4849
0.983,0.01,0.99,0.016,1770417692325,1.4848
0.983,0.01,0.99,0.017,1770417692346,1.4848
0.984,0.01,0.99,0.017,1770417692403,1.4848
0.984,0.01,0.99,0.016,1770417692470,1.4848
0.983,0.01,0.99,0.016,1770417692770,1.4848
0.983,0.01,0.99,0.017,1770417692802,1.4848
0.983,0.01,0.99,0.018,1770417692876,1.4848
0.983,0.01,0.99,0.017,1770417692878,1.4848
0.984,0.01,0.99,0.017,1770417693912,1.4845
0.984,0.01,0.99,0.016,1770417693918,1.4845
0.983,0.01,0.99,0.016,1770417693951,1.4845
0.983,0.01,0.99,0.017,1770417694005,1.4845
0.984,0.01,0.99,0.017,1770417694037,1.4845
0.984,0.01,0.99,0.016,1770417694038,1.4845
0.983,0.01,0.99,0.016,1770417694089,1.4845
0.983,0.01,0.99,0.017,1770417694307,1.4846
0.982,0.01,0.99,0.017,1770417695301,1.4846
0.982,0.01,0.99,0.018,1770417695350,1.4846
0.981,0.01,0.99,0.018,1770417695371,1.4846
0.981,0.01,0.99,0.019,1770417695377,1.4846
0.982,0.01,0.99,0.019,1770417695525,1.4846
0.982,0.01,0.99,0.018,1770417695526,1.4846
0.981,0.01,0.99,0.018,1770417695548,1.4846
0.981,0.01,0.99,0.019,1770417695554,1.4846
0.982,0.01,0.99,0.019,1770417696046,1.4846
0.982,0.01,0.99,0.018,1770417696068,1.4846
0.978,0.01,0.99,0.018,1770417696074,1.4846
0.978,0.01,0.99,0.022,1770417696082,1.4846
0.979,0.01,0.99,0.022,1770417696098,1.4846
0.979,0.01,0.99,0.021,1770417696101,1.4846
0.98,0.01,0.99,0.021,1770417696127,1.4846
0.98,0.01,0.99,0.02,1770417696131,1.4846
0.981,0.01,0.99,0.02,1770417696153,1.4846
0.981,0.01,0.99,0.019,1770417696156,1.4846
0.98,0.01,0.99,0.019,1770417697482,1.4841
0.98,0.01,0.99,0.02,1770417697493,1.4841
0.979,0.01,0.99,0.02,1770417697494,1.4841
0.979,0.01,0.99,0.021,1770417697516,1.4841
0.979,0.01,0.99,0.016,1770417699659,1.4838
0.984,0.01,0.99,0.016,1770417699681,1.4838
0.984,0.004,0.99,0.016,1770417711500,1.4831
0.984,0.004,0.996,0.016,1770417711509,1.4831
0.984,0.003,0.996,0.016,1770417714925,1.483
0.984,0.003,0.997,0.016,1770417714926,1.483
0.984,0.004,0.997,0.016,1770417715090,1.483
0.984,0.004,0.996,0.016,1770417715091,1.483
0.984,0.003,0.996,0.016,1770417724235,1.4829
0.984,0.003,0.997,0.016,1770417724353,1.4829
0.985,0.003,0.997,0.016,1770417726642,1.4843
0.985,0.003,0.997,0.015,1770417726644,1.4843
0.986,0.003,0.997,0.015,1770417726711,1.4843
0.986,0.003,0.997,0.014,1770417726712,1.4843
0.987,0.003,0.997,0.014,1770417727846,1.4849
0.987,0.003,0.997,0.013,1770417727855,1.4849
0.986,0.003,0.997,0.013,1770417727924,1.4849
0.987,0.003,0.997,0.014,1770417728004,1.4849
0.987,0.003,0.997,0.013,1770417728005,1.4849
0.986,0.003,0.997,0.013,1770417728030,1.4849
0.986,0.003,0.997,0.014,1770417728107,1.4849
0.987,0.003,0.997,0.014,1770417728109,1.4849
0.987,0.003,0.997,0.013,1770417728136,1.4849
0.988,0.003,0.997,0.013,1770417730220,1.4849
0.988,0.003,0.997,0.012,1770417730222,1.4849
0.989,0.003,0.997,0.012,1770417730551,1.485
0.989,0.003,0.997,0.011,1770417730552,1.485
0.988,0.003,0.997,0.011,1770417730831,1.485
0.988,0.003,0.997,0.012,1770417730832,1.485
0.989,0.003,0.997,0.012,1770417731126,1.485
0.989,0.003,0.997,0.011,1770417731261,1.4856
0.988,0.003,0.997,0.011,1770417731266,1.4856
0.988,0.003,0.997,0.012,1770417731640,1.4856
0.989,0.003,0.997,0.012,1770417731820,1.4856
0.989,0.003,0.997,0.011,1770417731822,1.4856
0.988,0.003,0.997,0.011,1770417731846,1.4856
0.988,0.003,0.997,0.012,1770417731889,1.4856
0.989,0.003,0.997,0.012,1770417731971,1.4856
0.988,0.003,0.997,0.011,1770417731996,1.4856
0.988,0.003,0.997,0.012,1770417732027,1.4856
0.987,0.003,0.997,0.012,1770417732028,1.4856
0.987,0.003,0.997,0.013,1770417732033,1.4856
0.986,0.003,0.997,0.013,1770417732200,1.4856
0.986,0.003,0.997,0.014,1770417732201,1.4856
0.985,0.003,0.997,0.014,1770417732276,1.4852
0.985,0.003,0.997,0.015,1770417732405,1.4852
0.984,0.003,0.997,0.015,1770417732707,1.4852
0.984,0.003,0.997,0.016,1770417732744,1.4852
0.985,0.003,0.997,0.016,1770417733186,1.4852
0.985,0.003,0.997,0.015,1770417733187,1.4852
0.984,0.003,0.997,0.015,1770417733211,1.4852
0.984,0.003,0.997,0.016,1770417733212,1.4852
0.985,0.003,0.997,0.016,1770417736806,1.4842
0.985,0.003,0.997,0.015,1770417736834,1.4842
0.986,0.003,0.997,0.015,1770417737353,1.4844
0.986,0.003,0.997,0.014,1770417737354,1.4844
0.987,0.003,0.997,0.014,1770417737595,1.4844
0.987,0.003,0.997,0.013,1770417737617,1.4844
0.986,0.003,0.997,0.013,1770417737619,1.4844
0.986,0.003,0.997,0.014,1770417737744,1.4844
0.987,0.003,0.997,0.014,1770417738306,1.4847
0.987,0.003,0.997,0.013,1770417738329,1.4847
0.986,0.003,0.997,0.013,1770417738414,1.4847
0.986,0.003,0.997,0.014,1770417738477,1.4847
0.987,0.003,0.997,0.014,1770417738601,1.4847
0.987,0.003,0.997,0.013,1770417738602,1.4847
0.986,0.003,0.997,0.013,1770417738948,1.4847
0.987,0.003,0.997,0.014,1770417739016,1.4847
0.987,0.003,0.997,0.013,1770417739024,1.4847
0.986,0.003,0.997,0.013,1770417739563,1.4848
0.986,0.003,0.997,0.014,1770417739564,1.4848
0.987,0.003,0.997,0.014,1770417739726,1.4848
0.987,0.003,0.997,0.013,1770417739753,1.4848
0.986,0.003,0.997,0.013,1770417739755,1.4848
0.986,0.003,0.997,0.014,1770417739761,1.4848
0.987,0.003,0.997,0.014,1770417739830,1.4848
0.987,0.003,0.997,0.013,1770417739831,1.4848
0.986,0.003,0.997,0.013,1770417740003,1.4848
0.986,0.003,0.997,0.014,1770417740014,1.4848
0.985,0.003,0.997,0.014,1770417741301,1.4847
0.985,0.003,0.997,0.015,1770417741307,1.4847
0.984,0.003,0.997,0.015,1770417742287,1.4845
0.984,0.003,0.997,0.016,1770417742573,1.4845
0.984,0.004,0.997,0.016,1770417743959,1.4843
0.984,0.004,0.996,0.016,1770417743982,1.4843
0.985,0.004,0.996,0.016,1770417744974,1.4843
0.985,0.004,0.996,0.015,1770417744976,1.4843
0.984,0.004,0.996,0.015,1770417745005,1.4843
0.984,0.004,0.996,0.016,1770417745030,1.4843
0.985,0.004,0.996,0.016,1770417745080,1.4843
0.985,0.004,0.996,0.015,1770417745081,1.4843
0.984,0.004,0.996,0.015,1770417745138,1.4843
0.984,0.004,0.996,0.016,1770417745139,1.4843
0.985,0.004,0.996,0.016,1770417745219,1.4843
0.985,0.004,0.996,0.015,1770417745245,1.4843
0.984,0.004,0.996,0.015,1770417745247,1.4843
0.984,0.004,0.996,0.016,1770417745253,1.4843
0.986,0.004,0.996,0.016,1770417745346,1.4843
0.986,0.004,0.996,0.014,1770417745369,1.4843
0.986,0.003,0.996,0.014,1770417749124,1.484
0.986,0.003,0.997,0.014,1770417749655,1.484
0.986,0.004,0.997,0.014,1770417752508,1.4837
0.986,0.004,0.996,0.014,1770417752510,1.4837
0.986,0.004,0.996,0.013,1770417761556,1.4832
0.987,0.004,0.996,0.013,1770417761651,1.4832
0.987,0.004,0.996,0.014,1770417769604,1.4819
0.986,0.004,0.996,0.014,1770417769623,1.4819
0.986,0.01,0.996,0.014,1770417780427,1.4818
0.986,0.01,0.99,0.014,1770417780459,1.4818
0.986,0.004,0.99,0.014,1770417790181,1.4824
0.986,0.004,0.996,0.014,1770417790205,1.4824
0.986,0.003,0.996,0.014,1770417791577,1.4825
0.996,0.003,0.997,0.014,1770417791829,1.4825
0.996,0.003,0.997,0.004,1770417791830,1.4825
0.986,0.003,0.997,0.004,1770417793583,1.4824
0.986,0.003,0.997,0.014,1770417793612,1.4824
0.986,0.004,0.997,0.014,1770417794808,1.4821
0.986,0.004,0.996,0.014,1770417795322,1.4822
0.987,0.004,0.996,0.014,1770417810059,1.4827
0.987,0.004,0.996,0.013,1770417810060,1.4827
0.986,0.004,0.996,0.013,1770417810421,1.4831
0.986,0.004,0.996,0.014,1770417810751,1.4831
0.987,0.004,0.996,0.014,1770417811452,1.483
0.987,0.004,0.996,0.013,1770417811453,1.483
0.986,0.004,0.996,0.013,1770417811495,1.483
0.986,0.004,0.996,0.014,1770417811496,1.483
0.987,0.004,0.996,0.014,1770417812038,1.483
0.987,0.004,0.996,0.013,1770417812039,1.483
0.988,0.004,0.996,0.013,1770417812063,1.483
0.988,0.004,0.996,0.012,1770417812064,1.483
0.987,0.004,0.996,0.012,1770417812116,1.483
0.987,0.004,0.996,0.013,1770417812140,1.483
0.988,0.004,0.996,0.013,1770417812192,1.483
0.988,0.004,0.996,0.012,1770417812193,1.483
0.989,0.004,0.996,0.012,1770417812999,1.483
0.989,0.004,0.996,0.011,1770417813000,1.483
0.99,0.004,0.996,0.011,1770417813186,1.483
0.99,0.004,0.996,0.01,1770417813192,1.483
0.991,0.004,0.996,0.01,1770417813660,1.4833
0.991,0.004,0.996,0.009,1770417813729,1.4833
0.992,0.004,0.996,0.009,1770417813986,1.4833
0.992,0.004,0.996,0.008,1770417813989,1.4833
0.993,0.004,0.996,0.008,1770417815440,1.4843
0.993,0.004,0.996,0.007,1770417815441,1.4843
0.994,0.004,0.996,0.007,1770417816362,1.4844
0.994,0.004,0.996,0.006,1770417816363,1.4844
0.995,0.004,0.996,0.006,1770417818348,1.4848
0.995,0.004,0.996,0.005,1770417818352,1.4848
0.994,0.004,0.996,0.005,1770417818484,1.4848
0.994,0.004,0.996,0.006,1770417818485,1.4848
0.995,0.004,0.996,0.006,1770417818565,1.4848
0.995,0.004,0.996,0.005,1770417818637,1.4848
0.994,0.004,0.996,0.006,1770417818680,1.4848
0.995,0.004,0.996,0.006,1770417818719,1.4848
0.995,0.004,0.996,0.005,1770417818725,1.4848
0.994,0.004,0.996,0.005,1770417819321,1.485
0.994,0.004,0.996,0.006,1770417819349,1.485
0.995,0.004,0.996,0.006,1770417819672,1.485
0.995,0.004,0.996,0.005,1770417819673,1.485
0.994,0.004,0.996,0.005,1770417819789,1.485
0.994,0.004,0.996,0.006,1770417820247,1.485
0.995,0.004,0.996,0.006,1770417820599,1.4851
0.995,0.004,0.996,0.005,1770417820600,1.4851
0.995,0.003,0.996,0.005,1770417823879,1.4854
0.996,0.003,0.997,0.005,1770417823930,1.4854
0.996,0.003,0.997,0.004,1770417823933,1.4854
0.996,0.003,0.997,0.006,1770417849569,1.4849
0.994,0.003,0.997,0.006,1770417849962,1.4849
0.994,0.003,0.997,0.005,1770417849989,1.4849
0.995,0.003,0.997,0.005,1770417850401,1.4849
0.995,0.003,0.997,0.008,1770417867455,1.4832
0.992,0.003,0.997,0.008,1770417867456,1.4832
0.991,0.003,0.997,0.008,1770417867989,1.4832
0.991,0.003,0.997,0.009,1770417867995,1.4832
0.992,0.003,0.997,0.009,1770417868368,1.4829
0.992,0.003,0.997,0.008,1770417868373,1.4829
0.991,0.003,0.997,0.008,1770417868413,1.4829
0.992,0.003,0.997,0.009,1770417868489,1.4829
0.992,0.003,0.997,0.008,1770417868491,1.4829
0.991,0.003,0.997,0.008,1770417868518,1.4829
0.991,0.003,0.997,0.009,1770417868519,1.4829
0.992,0.003,0.997,0.009,1770417868600,1.4829
0.992,0.003,0.997,0.008,1770417868601,1.4829
0.991,0.003,0.997,0.008,1770417868759,1.4829
0.992,0.003,0.997,0.009,1770417868836,1.4829
0.992,0.003,0.997,0.008,1770417868837,1.4829
0.991,0.003,0.997,0.008,1770417869149,1.4829
0.991,0.003,0.997,0.009,1770417869150,1.4829
0.991,0.004,0.997,0.009,1770417870588,1.4825
0.991,0.004,0.996,0.009,1770417870606,1.4825
0.991,0.003,0.996,0.009,1770417871215,1.4825
0.991,0.003,0.997,0.009,1770417871342,1.4822
0.991,0.004,0.997,0.009,1770417871850,1.4822
0.991,0.004,0.996,0.009,1770417871851,1.4822
0.991,0.003,0.996,0.009,1770417873321,1.482
0.991,0.003,0.997,0.009,1770417873330,1.482
0.991,0.004,0.997,0.009,1770417874680,1.4824
0.991,0.004,0.996,0.009,1770417874986,1.4824
0.991,0.003,0.996,0.009,1770417877361,1.4819
0.991,0.003,0.997,0.009,1770417877410,1.4819
0.991,0.005,0.997,0.009,1770417878973,1.4816
0.991,0.005,0.995,0.009,1770417879050,1.4816
0.991,0.003,0.995,0.009,1770417879771,1.4815
0.991,0.003,0.997,0.009,1770417880302,1.4813
0.991,0.006,0.997,0.009,1770417880898,1.4813
0.991,0.003,0.994,0.009,1770417880969,1.4813
0.991,0.006,0.997,0.009,1770417881349,1.4814
0.991,0.003,0.994,0.009,1770417881453,1.4814
0.991,0.005,0.997,0.009,1770417881570,1.4814
0.991,0.005,0.995,0.009,1770417882111,1.4814
0.991,0.003,0.995,0.009,1770417883738,1.4811
0.991,0.006,0.997,0.009,1770417883938,1.4811
0.991,0.006,0.994,0.009,1770417884000,1.4811
0.991,0.006,0.994,0.01,1770417884273,1.4806
0.99,0.006,0.994,0.01,1770417884355,1.4806
0.99,0.003,0.994,0.01,1770417890447,1.4806
0.99,0.003,0.997,0.01,1770417890448,1.4806
0.99,0.007,0.997,0.01,1770417892182,1.4806
0.99,0.007,0.993,0.01,1770417892353,1.4806
0.99,0.003,0.993,0.01,1770417892374,1.4806
0.99,0.003,0.997,0.01,1770417892379,1.4806
0.99,0.008,0.997,0.01,1770417892669,1.4806
0.99,0.008,0.992,0.01,1770417892673,1.4806
0.988,0.008,0.992,0.01,1770417892905,1.4806
0.988,0.008,0.992,0.012,1770417892906,1.4806
0.988,0.003,0.992,0.012,1770417896000,1.4803
0.988,0.003,0.997,0.012,1770417896001,1.4803
0.988,0.008,0.997,0.012,1770417896153,1.4803
0.988,0.008,0.992,0.012,1770417896183,1.4803
0.988,0.004,0.992,0.012,1770417901052,1.4802
0.988,0.004,0.996,0.012,1770417901053,1.4802
0.988,0.005,0.996,0.012,1770417901564,1.4804
0.988,0.005,0.995,0.012,1770417901620,1.4804
0.988,0.003,0.995,0.012,1770417905243,1.4801
0.988,0.003,0.997,0.012,1770417905244,1.4801
0.988,0.005,0.997,0.012,1770417905553,1.4799
0.988,0.005,0.995,0.012,1770417905554,1.4799
0.988,0.003,0.995,0.012,1770417905630,1.4799
0.988,0.003,0.997,0.012,1770417905646,1.4799
0.988,0.005,0.997,0.012,1770417905892,1.4799
0.988,0.005,0.995,0.012,1770417905900,1.4799
0.99,0.005,0.996,0.012,1770417922508,1.4813
0.99,0.004,0.996,0.01,1770417922509,1.4813
0.989,0.004,0.996,0.01,1770417922984,1.4813
0.989,0.004,0.996,0.011,1770417922995,1.4813
0.99,0.004,0.996,0.011,1770417923045,1.4813
0.99,0.004,0.996,0.01,1770417923046,1.4813
0.989,0.004,0.996,0.01,1770417923106,1.4813
0.989,0.004,0.996,0.011,1770417923112,1.4813
0.99,0.004,0.996,0.011,1770417923163,1.4813
0.99,0.004,0.996,0.01,1770417923174,1.4813
0.991,0.004,0.996,0.01,1770417924405,1.4814
0.991,0.004,0.996,0.009,1770417924406,1.4814
0.992,0.004,0.996,0.009,1770417924750,1.4814
0.992,0.004,0.996,0.008,1770417924751,1.4814
0.991,0.004,0.996,0.008,1770417925201,1.4814
0.991,0.004,0.996,0.009,1770417925202,1.4814
0.992,0.004,0.996,0.009,1770417925273,1.4818
0.992,0.004,0.996,0.008,1770417925274,1.4818
0.993,0.004,0.996,0.008,1770417926078,1.4818
0.993,0.004,0.996,0.007,1770417926083,1.4818
0.992,0.004,0.996,0.007,1770417926110,1.4818
0.993,0.004,0.996,0.008,1770417926190,1.4818
0.993,0.004,0.996,0.007,1770417926191,1.4818
0.992,0.004,0.996,0.007,1770417927068,1.4819
0.992,0.004,0.996,0.008,1770417927070,1.4819
0.991,0.004,0.996,0.008,1770417927073,1.4819
0.991,0.004,0.996,0.009,1770417927104,1.4819
0.99,0.004,0.996,0.009,1770417927155,1.4819
0.991,0.004,0.996,0.01,1770417927231,1.4819
0.991,0.004,0.996,0.009,1770417927244,1.4819
0.99,0.004,0.996,0.009,1770417927285,1.4817
0.99,0.004,0.996,0.01,1770417927303,1.4817
0.991,0.004,0.996,0.01,1770417927362,1.4817
0.992,0.004,0.996,0.009,1770417927454,1.4817
0.992,0.004,0.996,0.008,1770417927455,1.4817
0.991,0.004,0.996,0.008,1770417927478,1.4817
0.991,0.004,0.996,0.009,1770417927479,1.4817
0.992,0.004,0.996,0.009,1770417927723,1.4817
0.992,0.004,0.996,0.008,1770417927724,1.4817
0.991,0.004,0.996,0.008,1770417928359,1.4819
0.991,0.004,0.996,0.009,1770417928360,1.4819
0.992,0.004,0.996,0.009,1770417930061,1.4817
0.992,0.004,0.996,0.008,1770417930062,1.4817
0.993,0.004,0.996,0.008,1770417930086,1.4817
0.993,0.004,0.996,0.007,1770417930088,1.4817
0.992,0.004,0.996,0.007,1770417931164,1.4815
0.992,0.004,0.996,0.008,1770417931189,1.4815
0.993,0.004,0.996,0.008,1770417933239,1.4814
0.993,0.004,0.996,0.007,1770417933265,1.4814
0.992,0.004,0.996,0.007,1770417933291,1.4814
0.993,0.004,0.996,0.008,1770417933352,1.4814
0.993,0.004,0.996,0.007,1770417933370,1.4814
0.994,0.004,0.996,0.007,1770417936330,1.4816
0.994,0.004,0.996,0.006,1770417936380,1.4816
0.993,0.004,0.996,0.006,1770417936951,1.4816
0.993,0.004,0.996,0.007,1770417936952,1.4816
0.994,0.004,0.996,0.007,1770417937093,1.4816
0.994,0.004,0.996,0.006,1770417937094,1.4816
0.993,0.004,0.996,0.006,1770417939979,1.4819
0.993,0.004,0.996,0.007,1770417940102,1.4819
0.992,0.004,0.996,0.007,1770417941498,1.4815
0.992,0.004,0.996,0.008,1770417942056,1.4815
0.993,0.004,0.996,0.008,1770417942106,1.4815
0.993,0.004,0.996,0.007,1770417942107,1.4815
0.991,0.004,0.996,0.007,1770417942134,1.4815
0.991,0.004,0.996,0.009,1770417942228,1.4815
0.992,0.004,0.996,0.009,1770417943653,1.4811
0.992,0.004,0.996,0.008,1770417943654,1.4811
0.991,0.004,0.996,0.008,1770417943680,1.4811
0.991,0.004,0.996,0.009,1770417943707,1.4811
0.99,0.004,0.996,0.009,1770417944549,1.4812
0.99,0.004,0.996,0.01,1770417944550,1.4812
0.989,0.004,0.996,0.01,1770417944700,1.4812
0.989,0.004,0.996,0.011,1770417944715,1.4812
0.982,0.004,0.996,0.011,1770417945115,1.4812
0.988,0.004,0.996,0.018,1770417945118,1.4812
0.988,0.004,0.996,0.012,1770417945121,1.4812
0.989,0.004,0.996,0.012,1770417945509,1.4804
0.989,0.004,0.996,0.011,1770417945771,1.4804
0.988,0.004,0.996,0.011,1770417945772,1.4804
0.988,0.004,0.996,0.012,1770417945856,1.4804
0.989,0.004,0.996,0.012,1770417945869,1.4804
0.989,0.004,0.996,0.011,1770417945872,1.4804
0.988,0.004,0.996,0.011,1770417945893,1.4804
0.988,0.004,0.996,0.012,1770417945900,1.4804
0.989,0.004,0.996,0.012,1770417946097,1.4804
0.989,0.004,0.996,0.011,1770417946115,1.4804
0.988,0.004,0.996,0.011,1770417946492,1.4805
0.988,0.004,0.996,0.012,1770417946495,1.4805
0.989,0.004,0.996,0.012,1770417947008,1.4805
0.989,0.004,0.996,0.011,1770417947026,1.4805
0.988,0.004,0.996,0.011,1770417948871,1.4806
0.983,0.004,0.996,0.012,1770417948872,1.4806
0.987,0.004,0.996,0.017,1770417948873,1.4806
0.987,0.004,0.996,0.013,1770417948875,1.4806
0.988,0.004,0.996,0.013,1770417949085,1.4806
0.988,0.004,0.996,0.012,1770417949107,1.4806
0.989,0.004,0.996,0.012,1770417949134,1.4806
0.989,0.004,0.996,0.011,1770417949135,1.4806
0.988,0.004,0.996,0.011,1770417949472,1.4804
0.988,0.004,0.996,0.012,1770417949473,1.4804
0.989,0.004,0.996,0.012,1770417950070,1.4804
0.989,0.004,0.996,0.011,1770417950072,1.4804
0.988,0.004,0.996,0.011,1770417950177,1.4804
0.988,0.004,0.996,0.012,1770417950183,1.4804
0.987,0.004,0.996,0.012,1770417950336,1.4804
0.987,0.004,0.996,0.013,1770417950457,1.4804
0.988,0.004,0.996,0.013,1770417950573,1.4804
0.988,0.004,0.996,0.012,1770417950578,1.4804
0.989,0.004,0.996,0.012,1770417950817,1.4804
0.989,0.004,0.996,0.011,1770417950828,1.4804
0.988,0.004,0.996,0.011,1770417951001,1.4804
0.989,0.004,0.996,0.012,1770417951126,1.4804
0.988,0.004,0.996,0.011,1770417951149,1.4804
0.988,0.004,0.996,0.012,1770417951150,1.4804
0.989,0.004,0.996,0.012,1770417951877,1.4806
0.989,0.004,0.996,0.011,1770417951878,1.4806
0.988,0.004,0.996,0.011,1770417951905,1.4806
0.988,0.004,0.996,0.012,1770417951912,1.4806
0.989,0.004,0.996,0.012,1770417951982,1.4806
0.989,0.004,0.996,0.011,1770417951985,1.4806
0.988,0.004,0.996,0.011,1770417952013,1.4806
0.988,0.004,0.996,0.012,1770417952014,1.4806
0.989,0.004,0.996,0.012,1770417952084,1.4806
0.989,0.004,0.996,0.011,1770417952087,1.4806
0.988,0.004,0.996,0.011,1770417952411,1.4804
0.989,0.004,0.996,0.012,1770417952493,1.4804
0.989,0.004,0.996,0.011,1770417952501,1.4804
0.988,0.004,0.996,0.011,1770417952813,1.4804
0.989,0.004,0.996,0.012,1770417952893,1.4804
0.989,0.004,0.996,0.011,1770417952894,1.4804
0.988,0.004,0.996,0.011,1770417953162,1.4804
0.988,0.004,0.996,0.012,1770417953189,1.4804
0.989,0.004,0.996,0.012,1770417953255,1.4805
0.989,0.004,0.996,0.011,1770417953256,1.4805
0.988,0.004,0.996,0.011,1770417953771,1.4805
0.988,0.004,0.996,0.012,1770417953863,1.4805
0.989,0.004,0.996,0.012,1770417954259,1.4805
0.989,0.004,0.996,0.011,1770417954264,1.4805
0.988,0.004,0.996,0.011,1770417954301,1.4803
0.988,0.004,0.996,0.012,1770417954324,1.4803
0.989,0.004,0.996,0.012,1770417954728,1.4803
0.989,0.004,0.996,0.011,1770417954729,1.4803
0.988,0.004,0.996,0.011,1770417954752,1.4803
0.988,0.004,0.996,0.012,1770417954911,1.4803
0.987,0.004,0.996,0.012,1770417954914,1.4803
0.987,0.004,0.996,0.013,1770417954920,1.4803
0.986,0.004,0.996,0.013,1770417954936,1.4803
0.986,0.004,0.996,0.014,1770417954952,1.4803
0.987,0.004,0.996,0.014,1770417954997,1.4803
0.987,0.004,0.996,0.013,1770417954998,1.4803
0.988,0.004,0.996,0.013,1770417955022,1.4803
0.988,0.004,0.996,0.012,1770417955023,1.4803
0.987,0.004,0.996,0.012,1770417955067,1.4803
0.987,0.004,0.996,0.013,1770417955068,1.4803
0.988,0.004,0.996,0.013,1770417955144,1.4803
0.988,0.004,0.996,0.012,1770417955145,1.4803
0.987,0.004,0.996,0.012,1770417955579,1.4802
0.987,0.004,0.996,0.013,1770417955594,1.4802
0.986,0.004,0.996,0.014,1770417955606,1.4802
0.987,0.004,0.996,0.014,1770417956009,1.4802
0.987,0.004,0.996,0.013,1770417956010,1.4802
0.986,0.004,0.996,0.013,1770417956097,1.4802
0.987,0.004,0.996,0.014,1770417956176,1.4802
0.987,0.004,0.996,0.013,1770417956214,1.4802
0.988,0.004,0.996,0.013,1770417956538,1.48
0.987,0.004,0.996,0.012,1770417956564,1.48
0.987,0.004,0.996,0.013,1770417956585,1.48
0.988,0.004,0.996,0.013,1770417957345,1.4803
0.989,0.004,0.996,0.012,1770417957360,1.4803
0.989,0.004,0.996,0.011,1770417957361,1.4803
0.988,0.004,0.996,0.011,1770417957404,1.4803
0.988,0.004,0.996,0.012,1770417957497,1.4803
0.989,0.004,0.996,0.012,1770417957589,1.4803
0.989,0.004,0.996,0.011,1770417957595,1.4803
0.988,0.004,0.996,0.011,1770417957810,1.4803
0.988,0.004,0.996,0.012,1770417957883,1.4803
0.987,0.004,0.996,0.012,1770417958997,1.4803
0.987,0.004,0.996,0.013,1770417958998,1.4803
0.986,0.004,0.996,0.013,1770417959015,1.4803
0.986,0.004,0.996,0.014,1770417959036,1.4803
0.987,0.004,0.996,0.014,1770417959211,1.4803
0.987,0.004,0.996,0.013,1770417959212,1.4803
0.986,0.004,0.996,0.013,1770417959253,1.48
0.986,0.004,0.996,0.014,1770417959285,1.48
0.985,0.004,0.996,0.014,1770417959389,1.48
0.985,0.004,0.996,0.015,1770417959390,1.48
0.984,0.004,0.996,0.015,1770417959694,1.48
0.984,0.004,0.996,0.016,1770417959701,1.48
0.985,0.004,0.996,0.016,1770417959784,1.48
0.985,0.004,0.996,0.015,1770417959828,1.48
0.984,0.004,0.996,0.015,1770417959835,1.48
0.984,0.004,0.996,0.016,1770417959858,1.48
0.985,0.004,0.996,0.016,1770417959903,1.48
0.985,0.004,0.996,0.015,1770417959914,1.48
0.986,0.004,0.996,0.015,1770417960032,1.48
0.986,0.004,0.996,0.014,1770417960037,1.48
0.985,0.004,0.996,0.014,1770417960103,1.48
0.985,0.004,0.996,0.015,1770417960105,1.48
0.986,0.004,0.996,0.015,1770417960300,1.4794
0.986,0.004,0.996,0.014,1770417960306,1.4794
0.985,0.004,0.996,0.014,1770417961258,1.4795
0.985,0.004,0.996,0.015,1770417961259,1.4795
0.986,0.004,0.996,0.015,1770417961325,1.4795
0.986,0.004,0.996,0.014,1770417961335,1.4795
0.985,0.004,0.996,0.014,1770417962171,1.4795
0.985,0.004,0.996,0.015,1770417962190,1.4795
0.986,0.004,0.996,0.015,1770417962241,1.4795
0.986,0.004,0.996,0.014,1770417962254,1.4796
0.985,0.004,0.996,0.014,1770417962544,1.4796
0.985,0.004,0.996,0.015,1770417962553,1.4796
0.984,0.004,0.996,0.015,1770417962909,1.4796
0.984,0.004,0.996,0.016,1770417962981,1.4796
0.985,0.004,0.996,0.016,1770417962992,1.4796
0.985,0.004,0.996,0.015,1770417963040,1.4796
0.99,0.004,0.996,0.015,1770417963354,1.4792
0.99,0.004,0.996,0.01,1770417963377,1.4792
0.99,0.005,0.996,0.01,1770417963827,1.4792
0.99,0.005,0.995,0.01,1770417963852,1.4792
0.99,0.004,0.995,0.01,1770417969495,1.4789
0.99,0.004,0.996,0.01,1770417969558,1.4789
0.995,0.004,0.996,0.01,1770417969907,1.4789
0.995,0.004,0.996,0.005,1770417969955,1.4789
0.99,0.004,0.996,0.005,1770417970604,1.4783
0.99,0.004,0.996,0.01,1770417970656,1.4783
0.99,0.007,0.996,0.01,1770417971506,1.478
0.99,0.007,0.993,0.01,1770417971727,1.478
0.99,0.004,0.993,0.01,1770417976918,1.4784
0.99,0.004,0.996,0.01,1770417977305,1.478
0.99,0.007,0.996,0.01,1770417980215,1.4781
0.99,0.007,0.993,0.01,1770417980232,1.478
0.99,0.004,0.993,0.01,1770417980868,1.478
0.99,0.004,0.996,0.01,1770417980969,1.478
0.99,0.008,0.996,0.01,1770417982439,1.478
0.99,0.008,0.992,0.01,1770417982461,1.478
0.99,0.004,0.992,0.01,1770417984800,1.4777
0.99,0.009,0.996,0.01,1770417984921,1.4777
0.99,0.009,0.991,0.01,1770417984922,1.4777
0.985,0.009,0.991,0.01,1770417985457,1.4775
0.985,0.009,0.991,0.015,1770417985482,1.4775
0.984,0.009,0.991,0.015,1770417985506,1.4775
0.982,0.009,0.991,0.017,1770417985507,1.4775
0.982,0.009,0.991,0.018,1770417985511,1.4775
0.982,0.009,0.991,0.022,1770417985985,1.4775
0.977,0.009,0.991,0.022,1770417985994,1.4775
0.977,0.01,0.991,0.023,1770417986010,1.4775
0.977,0.01,0.99,0.023,1770417986018,1.4775
0.977,0.01,0.98,0.023,1770417986030,1.4775
0.977,0.02,0.98,0.023,1770417986031,1.4775
0.976,0.02,0.98,0.023,1770417986549,1.4774
0.976,0.02,0.98,0.024,1770417986891,1.4774
0.975,0.02,0.98,0.024,1770417995455,1.4765
0.975,0.02,0.98,0.025,1770417995456,1.4765
0.975,0.02,0.99,0.025,1770418003509,1.4761
0.975,0.015,0.985,0.025,1770418003513,1.4761
0.975,0.015,0.98,0.025,1770418003540,1.4761
0.975,0.02,0.98,0.025,1770418003547,1.4761
0.976,0.02,0.98,0.025,1770418005732,1.4763
0.976,0.02,0.98,0.024,1770418005736,1.4763
0.975,0.02,0.98,0.024,1770418005753,1.4763
0.975,0.02,0.98,0.025,1770418005778,1.4763
0.976,0.02,0.98,0.025,1770418005882,1.4763
0.976,0.02,0.98,0.024,1770418005883,1.4763
0.975,0.02,0.98,0.024,1770418005911,1.4763
0.975,0.02,0.98,0.025,1770418005966,1.4763
0.976,0.02,0.98,0.025,1770418005985,1.4763
0.976,0.02,0.98,0.024,1770418005993,1.4763
0.977,0.02,0.98,0.024,1770418006018,1.4763
0.977,0.02,0.98,0.023,1770418006025,1.4763
0.976,0.02,0.98,0.023,1770418006167,1.4763
0.977,0.02,0.98,0.024,1770418006516,1.4772
0.977,0.02,0.98,0.023,1770418006517,1.4772
0.976,0.02,0.98,0.023,1770418007033,1.4772
0.976,0.02,0.98,0.024,1770418007044,1.4772
0.977,0.02,0.98,0.024,1770418007116,1.4772
0.977,0.02,0.98,0.023,1770418007153,1.4772
0.976,0.02,0.98,0.023,1770418007185,1.4772
0.977,0.02,0.98,0.024,1770418007248,1.4772
0.977,0.02,0.98,0.023,1770418007275,1.4771
0.978,0.02,0.98,0.023,1770418007494,1.4771
0.978,0.02,0.98,0.022,1770418007495,1.4771
0.979,0.02,0.98,0.022,1770418007526,1.4771
0.979,0.02,0.98,0.021,1770418007527,1.4771
0.978,0.02,0.98,0.021,1770418007553,1.4771
0.978,0.02,0.989,0.022,1770418007668,1.4771
0.979,0.011,0.989,0.022,1770418007674,1.4771
0.979,0.011,0.989,0.021,1770418007675,1.4771
0.98,0.011,0.989,0.021,1770418007853,1.4771
0.98,0.011,0.989,0.02,1770418007860,1.4771
0.979,0.011,0.989,0.02,1770418008029,1.4771
0.979,0.011,0.989,0.021,1770418008030,1.4771
0.978,0.011,0.989,0.021,1770418008566,1.4774
0.978,0.011,0.989,0.022,1770418008567,1.4774
0.977,0.011,0.989,0.022,1770418008697,1.4774
0.977,0.011,0.989,0.023,1770418008704,1.4774
0.978,0.011,0.989,0.023,1770418008794,1.4774
0.978,0.011,0.989,0.022,1770418008795,1.4774
0.979,0.011,0.989,0.022,1770418008988,1.4774
0.979,0.011,0.989,0.021,1770418009051,1.4774
0.978,0.011,0.989,0.021,1770418009119,1.4774
0.978,0.011,0.989,0.022,1770418009157,1.4774
0.979,0.011,0.989,0.022,1770418009680,1.4772
0.979,0.011,0.989,0.021,1770418009681,1.4772
0.978,0.011,0.989,0.021,1770418010176,1.4772
0.978,0.011,0.989,0.022,1770418010177,1.4772
0.979,0.011,0.989,0.022,1770418010294,1.4774
0.979,0.011,0.989,0.021,1770418010295,1.4774
0.98,0.011,0.989,0.021,1770418010447,1.4774
0.98,0.011,0.989,0.02,1770418010456,1.4774
0.98,0.01,0.989,0.02,1770418010464,1.4774
0.98,0.01,0.99,0.02,1770418010465,1.4774
0.981,0.01,0.99,0.02,1770418010477,1.4774
0.981,0.01,0.99,0.019,1770418010483,1.4774
0.98,0.01,0.99,0.019,1770418010512,1.4774
0.98,0.01,0.99,0.02,1770418010516,1.4774
0.981,0.01,0.99,0.02,1770418010664,1.4774
0.981,0.01,0.99,0.019,1770418010665,1.4774
0.98,0.01,0.99,0.019,1770418012515,1.4777
0.98,0.01,0.99,0.02,1770418012516,1.4777
0.981,0.01,0.99,0.02,1770418012999,1.4777
0.981,0.01,0.99,0.019,1770418013001,1.4777
0.98,0.01,0.99,0.019,1770418013018,1.4777
0.98,0.01,0.99,0.02,1770418013029,1.4777
0.979,0.01,0.99,0.02,1770418013784,1.4776
0.979,0.01,0.99,0.021,1770418013785,1.4776
0.98,0.01,0.99,0.021,1770418013859,1.4776
0.98,0.01,0.99,0.02,1770418013867,1.4776
0.979,0.01,0.99,0.02,1770418014309,1.4776
0.979,0.01,0.99,0.021,1770418014353,1.4776
0.98,0.01,0.99,0.021,1770418014498,1.4776
0.98,0.01,0.99,0.02,1770418014504,1.4776
0.979,0.01,0.99,0.02,1770418014526,1.4776
0.979,0.01,0.99,0.021,1770418014527,1.4776
0.98,0.01,0.99,0.021,1770418015421,1.4773
0.98,0.01,0.99,0.02,1770418015425,1.4773
0.979,0.01,0.99,0.02,1770418016149,1.4773
0.979,0.01,0.99,0.021,1770418016162,1.4773
0.978,0.01,0.99,0.021,1770418016281,1.4774
0.978,0.01,0.99,0.022,1770418016282,1.4774
0.979,0.01,0.99,0.022,1770418016430,1.4774
0.979,0.01,0.99,0.021,1770418016453,1.4774
0.978,0.01,0.99,0.021,1770418016957,1.4774
0.978,0.01,0.99,0.022,1770418016996,1.4774
0.98,0.01,0.99,0.022,1770418017080,1.4774
0.98,0.01,0.99,0.02,1770418017106,1.4774
0.981,0.01,0.99,0.02,1770418017212,1.4774
0.981,0.01,0.99,0.019,1770418017213,1.4774
0.981,0.01,0.992,0.019,1770418017985,1.4772
0.981,0.008,0.992,0.019,1770418017986,1.4772
0.982,0.008,0.992,0.019,1770418018760,1.4775
0.982,0.008,0.992,0.018,1770418018842,1.4775
0.983,0.008,0.992,0.018,1770418018843,1.4775
0.983,0.008,0.992,0.017,1770418018844,1.4775
0.982,0.008,0.992,0.017,1770418018896,1.4775
0.982,0.008,0.992,0.018,1770418018969,1.4775
0.983,0.008,0.992,0.018,1770418018996,1.4775
0.983,0.008,0.992,0.017,1770418018997,1.4775
0.984,0.008,0.992,0.017,1770418019169,1.4775
0.984,0.008,0.992,0.016,1770418019170,1.4775
0.983,0.008,0.992,0.016,1770418019199,1.4775
0.984,0.008,0.992,0.017,1770418019275,1.4779
0.984,0.008,0.992,0.016,1770418019282,1.4779
0.983,0.008,0.992,0.016,1770418019352,1.4779
0.983,0.008,0.992,0.017,1770418019353,1.4779
0.983,0.005,0.992,0.017,1770418019362,1.4779
0.984,0.005,0.995,0.017,1770418019379,1.4779
0.984,0.005,0.995,0.016,1770418019387,1.4779
0.985,0.005,0.995,0.016,1770418019851,1.4779
0.985,0.005,0.995,0.015,1770418019852,1.4779
0.986,0.005,0.995,0.015,1770418019906,1.4779
0.986,0.005,0.995,0.014,1770418019927,1.4779
0.985,0.005,0.995,0.014,1770418019959,1.4779
0.985,0.005,0.995,0.015,1770418019960,1.4779
0.986,0.005,0.995,0.015,1770418020184,1.4779
0.986,0.005,0.995,0.014,1770418020187,1.4779
0.987,0.005,0.995,0.014,1770418020205,1.4779
0.987,0.005,0.995,0.013,1770418020214,1.4779
0.988,0.005,0.995,0.013,1770418020231,1.4779
0.988,0.005,0.995,0.012,1770418020254,1.4779
0.989,0.005,0.995,0.012,1770418020302,1.4783
0.989,0.005,0.995,0.011,1770418020303,1.4783
0.99,0.005,0.995,0.011,1770418020311,1.4783
0.99,0.005,0.995,0.01,1770418020319,1.4783
0.991,0.005,0.995,0.01,1770418020366,1.4783
0.991,0.005,0.995,0.009,1770418020369,1.4783
0.99,0.005,0.995,0.009,1770418020448,1.4783
0.991,0.005,0.995,0.01,1770418020530,1.4783
0.991,0.005,0.995,0.009,1770418020653,1.4783
0.992,0.005,0.995,0.009,1770418020654,1.4783
0.992,0.005,0.995,0.008,1770418020655,1.4783
0.991,0.005,0.995,0.008,1770418020707,1.4783
0.992,0.005,0.995,0.009,1770418020793,1.4783
0.992,0.005,0.995,0.008,1770418020928,1.4783
0.991,0.005,0.995,0.008,1770418021151,1.4783
0.991,0.005,0.995,0.009,1770418021196,1.4783
0.99,0.005,0.995,0.009,1770418021980,1.4786
0.99,0.005,0.995,0.01,1770418022106,1.4786
0.989,0.005,0.995,0.01,1770418022466,1.4786
0.989,0.005,0.995,0.011,1770418022490,1.4786
0.99,0.005,0.995,0.011,1770418024063,1.4784
0.99,0.005,0.995,0.01,1770418024064,1.4784
0.991,0.005,0.995,0.01,1770418024897,1.4784
0.991,0.005,0.995,0.009,1770418024899,1.4784
0.99,0.005,0.995,0.009,1770418024970,1.4784
0.99,0.005,0.995,0.01,1770418024983,1.4784
0.991,0.005,0.995,0.01,1770418025160,1.4784
0.991,0.005,0.995,0.009,1770418025161,1.4784
0.99,0.005,0.995,0.009,1770418025229,1.4784
0.99,0.005,0.995,0.01,1770418025594,1.4784
0.991,0.005,0.995,0.01,1770418026113,1.4784
0.991,0.005,0.995,0.009,1770418026121,1.4784
0.99,0.005,0.995,0.009,1770418026208,1.4784
0.99,0.005,0.995,0.01,1770418026308,1.4782
0.991,0.005,0.995,0.01,1770418027094,1.4782
0.991,0.005,0.995,0.009,1770418027095,1.4782
0.99,0.005,0.995,0.009,1770418027122,1.4782
0.99,0.005,0.995,0.01,1770418027148,1.4782
0.991,0.005,0.995,0.01,1770418027199,1.4782
0.991,0.005,0.995,0.009,1770418027200,1.4782
0.992,0.005,0.995,0.009,1770418027227,1.4785
0.992,0.005,0.995,0.008,1770418027231,1.4785
0.991,0.005,0.995,0.008,1770418027676,1.4785
0.992,0.005,0.995,0.009,1770418027749,1.4785
0.992,0.005,0.995,0.008,1770418027750,1.4785
0.993,0.005,0.995,0.008,1770418028308,1.4788
0.993,0.005,0.995,0.007,1770418028309,1.4788
0.994,0.005,0.995,0.007,1770418028420,1.4788
0.994,0.005,0.995,0.006,1770418028424,1.4788
0.993,0.005,0.995,0.006,1770418028533,1.4788
0.993,0.005,0.995,0.007,1770418028555,1.4788
0.994,0.005,0.995,0.007,1770418028624,1.4788
0.994,0.005,0.995,0.006,1770418028625,1.4788
0.994,0.004,0.995,0.006,1770418036836,1.4799
0.994,0.004,0.996,0.006,1770418036837,1.4799
0.996,0.004,0.997,0.006,1770418101401,1.4853
0.996,0.003,0.997,0.004,1770418101403,1.4853
0.996,0.002,0.997,0.003,1770418131928,1.4864
0.997,0.002,0.998,0.003,1770418132109,1.4864
0.997,0.002,0.998,0.004,1770418157179,1.4833
0.996,0.002,0.998,0.004,1770418157197,1.4833
0.996,0.002,0.998,0.003,1770418230095,1.4845
0.997,0.002,0.998,0.003,1770418230102,1.4845
0.997,0.002,0.998,0.004,1770418296865,1.4835
0.996,0.002,0.998,0.004,1770418296868,1.4835
0.996,0.001,0.998,0.004,1770418463419,1.4851
0.996,0.001,0.999,0.004,1770418463452,1.4851
0.996,0.001,0.999,0.003,1770418528747,1.4839
0.997,0.001,0.999,0.003,1770418529303,1.4838
0.997,0.001,0.999,0.002,1770418584264,1.4826
0.998,0.001,0.999,0.002,1770418584278,1.4826
0.999,0.001,1.0,0.002,1770418667274,1.4862
0.999,0.0,1.0,0.001,1770418667275,1.4862
0.48,0.51,0.49,0.52,1770418825175,1.49
0.48,0.5,0.49,0.52,1770418825196,1.49
0.48,0.5,0.5,0.52,1770418825198,1.49
0.48,0.51,0.5,0.52,1770418825277,1.4896
0.48,0.51,0.49,0.52,1770418825284,1.4896
0.48,0.5,0.49,0.52,1770418825502,1.4896
0.48,0.5,0.5,0.52,1770418825526,1.4896
0.49,0.5,0.5,0.52,1770418825788,1.4896
0.49,0.5,0.5,0.51,1770418825799,1.4896
0.48,0.5,0.5,0.51,1770418825894,1.4896
0.48,0.5,0.5,0.52,1770418825895,1.4896
0.49,0.5,0.5,0.52,1770418825997,1.4896
0.49,0.5,0.5,0.51,1770418826002,1.4896
0.48,0.5,0.5,0.51,1770418826156,1.4896
0.48,0.5,0.5,0.52,1770418826172,1.4896
0.48,0.51,0.5,0.52,1770418828718,1.4896
0.48,0.51,0.49,0.52,1770418828744,1.4896
0.48,0.5,0.49,0.52,1770418828753,1.4896
0.48,0.5,0.5,0.52,1770418828761,1.4896
0.48,0.51,0.5,0.52,1770418829336,1.4896
0.48,0.51,0.49,0.52,1770418829337,1.4896
0.48,0.5,0.49,0.52,1770418835741,1.4893
0.48,0.5,0.5,0.52,1770418835763,1.4893
0.48,0.51,0.5,0.52,1770418835797,1.4893
0.48,0.51,0.49,0.52,1770418835800,1.4893
0.48,0.5,0.49,0.52,1770418842221,1.4893
0.48,0.5,0.5,0.52,1770418842243,1.4893
0.48,0.51,0.5,0.52,1770418842445,1.4893
0.48,0.51,0.49,0.52,1770418842447,1.4893
0.48,0.5,0.49,0.52,1770418842484,1.4893
0.49,0.5,0.5,0.52,1770418842500,1.4893
0.49,0.5,0.5,0.51,1770418842512,1.4893
0.48,0.5,0.5,0.51,1770418842518,1.4893
0.48,0.5,0.5,0.52,1770418842530,1.4893
0.48,0.51,0.5,0.52,1770418843712,1.4894
0.48,0.51,0.49,0.52,1770418843713,1.4894
0.48,0.52,0.49,0.53,1770418850141,1.4892
0.47,0.52,0.48,0.53,1770418850162,1.4892
0.45,0.52,0.48,0.53,1770418850201,1.4892
0.45,0.52,0.48,0.55,1770418850202,1.4892
0.46,0.52,0.48,0.55,1770418850227,1.4892
0.46,0.52,0.48,0.54,1770418850228,1.4892
0.46,0.53,0.48,0.54,1770418850237,1.4886
0.46,0.53,0.47,0.54,1770418850286,1.4886
0.45,0.53,0.47,0.54,1770418850353,1.4886
0.45,0.53,0.47,0.55,1770418850362,1.4886
0.46,0.53,0.47,0.55,1770418850785,1.4886
0.46,0.53,0.47,0.54,1770418850808,1.4886
0.45,0.53,0.47,0.54,1770418850990,1.4886
0.45,0.53,0.47,0.55,1770418850995,1.4886
0.45,0.54,0.47,0.55,1770418851117,1.4886
0.45,0.54,0.46,0.55,1770418851118,1.4886
0.44,0.54,0.46,0.55,1770418851131,1.4886
0.44,0.54,0.46,0.56,1770418851140,1.4886
0.44,0.53,0.46,0.56,1770418851151,1.4886
0.44,0.53,0.47,0.56,1770418851152,1.4886
0.45,0.53,0.47,0.56,1770418851195,1.4886
0.45,0.53,0.47,0.55,1770418851201,1.4886
0.45,0.54,0.47,0.55,1770418851267,1.4884
0.45,0.54,0.46,0.55,1770418851268,1.4884
0.44,0.54,0.46,0.55,1770418851269,1.4884
0.44,0.54,0.46,0.56,1770418851270,1.4884
0.44,0.55,0.46,0.56,1770418851537,1.4884
0.44,0.55,0.45,0.56,1770418851553,1.4884
0.44,0.54,0.45,0.56,1770418851680,1.4884
0.44,0.54,0.46,0.56,1770418851681,1.4884
0.44,0.55,0.45,0.56,1770418851722,1.4884
0.43,0.55,0.45,0.56,1770418852545,1.4881
0.43,0.55,0.45,0.57,1770418852547,1.4881
0.43,0.56,0.45,0.57,1770418853077,1.4881
0.43,0.56,0.44,0.57,1770418853078,1.4881
0.42,0.56,0.44,0.57,1770418853085,1.4881
0.42,0.56,0.44,0.58,1770418853099,1.4881
0.42,0.57,0.44,0.58,1770418853262,1.4881
0.42,0.57,0.43,0.58,1770418853268,1.4881
0.41,0.57,0.43,0.58,1770418853299,1.4877
0.41,0.57,0.43,0.59,1770418853301,1.4877
0.41,0.58,0.43,0.59,1770418853443,1.4877
0.41,0.58,0.42,0.59,1770418853450,1.4877
0.4,0.58,0.42,0.59,1770418853570,1.4877
0.4,0.58,0.42,0.6,1770418853581,1.4877
0.41,0.58,0.42,0.6,1770418853596,1.4877
0.41,0.58,0.42,0.59,1770418853604,1.4877
0.4,0.58,0.42,0.59,1770418853620,1.4877
0.4,0.58,0.42,0.6,1770418853631,1.4877
0.4,0.59,0.42,0.6,1770418853677,1.4877
0.4,0.59,0.41,0.6,1770418853698,1.4877
0.4,0.58,0.41,0.6,1770418853818,1.4877
0.4,0.59,0.42,0.6,1770418853819,1.4877
0.4,0.59,0.41,0.6,1770418853830,1.4877
0.4,0.58,0.41,0.6,1770418853968,1.4877
0.4,0.59,0.42,0.6,1770418853969,1.4877
0.4,0.59,0.41,0.6,1770418853986,1.4877
0.4,0.58,0.41,0.6,1770418854222,1.4877
0.4,0.58,0.42,0.6,1770418854223,1.4877
0.4,0.59,0.42,0.6,1770418854269,1.4877
0.4,0.59,0.41,0.6,1770418854270,1.4877
0.39,0.59,0.41,0.6,1770418854600,1.4867
0.39,0.59,0.41,0.61,1770418854616,1.4867
0.4,0.59,0.41,0.61,1770418854701,1.4867
0.4,0.59,0.41,0.6,1770418854733,1.4867
0.39,0.59,0.41,0.6,1770418855756,1.4861
0.39,0.59,0.41,0.61,1770418855779,1.4861
0.39,0.6,0.41,0.61,1770418855784,1.4861
0.39,0.6,0.4,0.61,1770418855785,1.4861
0.38,0.6,0.4,0.61,1770418855806,1.4861
0.38,0.6,0.4,0.62,1770418855807,1.4861
0.38,0.61,0.4,0.62,1770418856475,1.4861
0.38,0.61,0.39,0.62,1770418856510,1.4861
0.38,0.6,0.39,0.62,1770418856602,1.4861
0.38,0.6,0.4,0.62,1770418856606,1.4861
0.38,0.61,0.4,0.62,1770418856674,1.4861
0.38,0.61,0.39,0.62,1770418856678,1.4861
0.37,0.61,0.39,0.62,1770418857974,1.4858
0.37,0.61,0.39,0.63,1770418857975,1.4858
0.38,0.61,0.39,0.63,1770418858134,1.4858
0.38,0.61,0.39,0.62,1770418858135,1.4858
0.37,0.61,0.39,0.62,1770418858265,1.4857
0.37,0.61,0.39,0.63,1770418858283,1.4857
0.38,0.61,0.39,0.63,1770418858523,1.4857
0.38,0.61,0.39,0.62,1770418858528,1.4857
0.37,0.61,0.39,0.62,1770418858639,1.4857
0.37,0.61,0.39,0.63,1770418858650,1.4857
0.38,0.61,0.39,0.63,1770418858858,1.4857
0.38,0.61,0.39,0.62,1770418858868,1.4857
0.37,0.61,0.39,0.62,1770418859700,1.4857
0.37,0.61,0.39,0.63,1770418859734,1.4857
0.38,0.61,0.39,0.63,1770418859751,1.4857
0.38,0.61,0.39,0.62,1770418859771,1.4857
0.37,0.61,0.39,0.62,1770418859870,1.4857
0.37,0.61,0.39,0.63,1770418859879,1.4857
0.38,0.61,0.39,0.63,1770418860024,1.4857
0.38,0.61,0.39,0.62,1770418860025,1.4857
0.37,0.61,0.39,0.62,1770418860055,1.4857
0.37,0.61,0.39,0.63,1770418860056,1.4857
0.37,0.62,0.39,0.63,1770418860328,1.4853
0.37,0.62,0.38,0.63,1770418860349,1.4853
0.36,0.62,0.38,0.63,1770418860355,1.4853
0.36,0.62,0.38,0.64,1770418860356,1.4853
0.36,0.63,0.38,0.64,1770418860591,1.4853
0.36,0.63,0.37,0.64,1770418860592,1.4853
0.36,0.62,0.37,0.64,1770418860675,1.4853
0.36,0.62,0.38,0.64,1770418860680,1.4853
0.36,0.63,0.38,0.64,1770418860765,1.4853
0.36,0.63,0.37,0.64,1770418860774,1.4853
0.36,0.62,0.37,0.64,1770418861307,1.4851
0.36,0.62,0.38,0.64,1770418861335,1.4851
0.36,0.63,0.38,0.64,1770418861422,1.4851
0.36,0.63,0.37,0.64,1770418861423,1.4851
0.36,0.62,0.37,0.64,1770418861460,1.4851
0.36,0.62,0.38,0.64,1770418861462,1.4851
0.36,0.63,0.38,0.64,1770418861638,1.4851
0.36,0.63,0.37,0.64,1770418861640,1.4851
0.36,0.62,0.37,0.64,1770418861773,1.4851
0.36,0.62,0.38,0.64,1770418861779,1.4851
0.36,0.63,0.38,0.64,1770418861816,1.4851
0.36,0.63,0.37,0.64,1770418861818,1.4851
0.35,0.63,0.37,0.64,1770418862621,1.4851
0.35,0.63,0.37,0.65,1770418862650,1.4851
0.36,0.63,0.37,0.65,1770418862708,1.4851
0.36,0.63,0.37,0.64,1770418862709,1.4851
0.35,0.63,0.37,0.64,1770418862823,1.4851
0.35,0.63,0.37,0.65,1770418862827,1.4851
0.35,0.64,0.37,0.65,1770418863239,1.4851
0.35,0.64,0.36,0.65,1770418863240,1.4851
0.34,0.64,0.36,0.65,1770418863377,1.4844
0.34,0.64,0.36,0.66,1770418863381,1.4844
0.33,0.64,0.36,0.66,1770418863696,1.4844
0.33,0.64,0.36,0.67,1770418863714,1.4844
0.34,0.64,0.36,0.67,1770418863749,1.4844
0.34,0.64,0.36,0.66,1770418863750,1.4844
0.34,0.65,0.36,0.66,1770418863828,1.4844
0.34,0.65,0.35,0.66,1770418863835,1.4844
0.33,0.65,0.35,0.66,1770418863836,1.4844
0.33,0.65,0.35,0.67,1770418863840,1.4844
0.34,0.65,0.35,0.67,1770418863953,1.4844
0.34,0.65,0.35,0.66,1770418863955,1.4844
0.34,0.64,0.35,0.66,1770418863962,1.4844
0.34,0.64,0.36,0.66,1770418863982,1.4844
0.33,0.64,0.36,0.66,1770418863983,1.4844
0.33,0.64,0.36,0.67,1770418863988,1.4844
0.33,0.65,0.36,0.67,1770418864032,1.4844
0.33,0.65,0.35,0.67,1770418864033,1.4844
0.34,0.65,0.35,0.67,1770418864069,1.4844
0.34,0.65,0.35,0.66,1770418864077,1.4844
0.33,0.65,0.35,0.66,1770418864145,1.4844
0.33,0.65,0.35,0.67,1770418864164,1.4844
0.34,0.65,0.35,0.67,1770418864179,1.4844
0.34,0.65,0.35,0.66,1770418864183,1.4844
0.34,0.64,0.35,0.66,1770418864375,1.4842
0.34,0.64,0.36,0.66,1770418864378,1.4842
0.34,0.65,0.36,0.66,1770418864432,1.4842
0.34,0.65,0.35,0.66,1770418864441,1.4842
0.33,0.65,0.35,0.66,1770418864564,1.4842
0.33,0.65,0.35,0.67,1770418864565,1.4842
0.34,0.65,0.35,0.67,1770418864609,1.4842
0.34,0.65,0.35,0.66,1770418864612,1.4842
0.33,0.65,0.35,0.66,1770418864739,1.4842
0.33,0.65,0.35,0.67,1770418864750,1.4842
0.33,0.66,0.35,0.67,1770418864760,1.4842
0.33,0.66,0.34,0.67,1770418864761,1.4842
0.33,0.65,0.34,0.67,1770418865103,1.4842
0.33,0.65,0.35,0.67,1770418865104,1.4842
0.33,0.66,0.35,0.67,1770418865156,1.4842
0.33,0.66,0.34,0.67,1770418865157,1.4842
0.32,0.66,0.34,0.67,1770418865185,1.4842
0.32,0.66,0.34,0.68,1770418865220,1.4842
0.33,0.66,0.34,0.68,1770418865245,1.4842
0.33,0.65,0.34,0.67,1770418865246,1.4842
0.33,0.65,0.35,0.67,1770418865247,1.4842
0.34,0.65,0.35,0.67,1770418865340,1.4838
0.34,0.65,0.35,0.66,1770418865374,1.4838
0.34,0.64,0.35,0.66,1770418866978,1.4838
0.34,0.64,0.36,0.66,1770418866981,1.4838
0.34,0.65,0.36,0.66,1770418866990,1.4838
0.34,0.65,0.35,0.66,1770418866991,1.4838
0.31,0.65,0.35,0.66,1770418867033,1.4838
0.31,0.65,0.35,0.69,1770418867034,1.4838
0.34,0.65,0.35,0.69,1770418867098,1.4838
0.34,0.65,0.35,0.66,1770418867100,1.4838
0.32,0.65,0.35,0.66,1770418868018,1.484
0.33,0.65,0.35,0.68,1770418868019,1.484
0.33,0.65,0.35,0.67,1770418868022,1.484
0.34,0.65,0.35,0.67,1770418868120,1.484
0.34,0.65,0.35,0.66,1770418868126,1.484
0.33,0.65,0.35,0.66,1770418868156,1.484
0.33,0.65,0.35,0.67,1770418868160,1.484
0.34,0.65,0.35,0.67,1770418868405,1.4841
0.34,0.65,0.35,0.66,1770418868408,1.4841
0.33,0.65,0.35,0.66,1770418868474,1.4841
0.33,0.65,0.35,0.67,1770418868482,1.4841
0.34,0.65,0.35,0.67,1770418868609,1.4841
0.34,0.65,0.35,0.66,1770418868637,1.4841
0.33,0.65,0.35,0.66,1770418868677,1.4841
0.33,0.65,0.35,0.67,1770418868682,1.4841
0.34,0.65,0.35,0.67,1770418871442,1.4841
0.34,0.65,0.35,0.66,1770418871443,1.4841
0.34,0.64,0.35,0.66,1770418871446,1.4841
0.34,0.64,0.36,0.66,1770418871468,1.4841
0.34,0.65,0.36,0.66,1770418871525,1.4841
0.34,0.65,0.35,0.66,1770418871530,1.4841
0.34,0.64,0.35,0.66,1770418871992,1.4841
0.34,0.64,0.36,0.66,1770418871993,1.4841
0.35,0.64,0.36,0.66,1770418872259,1.4841
0.35,0.64,0.36,0.65,1770418872260,1.4841
0.34,0.64,0.36,0.65,1770418872516,1.4844
0.34,0.64,0.36,0.66,1770418872517,1.4844
0.35,0.64,0.36,0.65,1770418872518,1.4844
0.34,0.64,0.36,0.65,1770418872657,1.4844
0.34,0.64,0.36,0.66,1770418872719,1.4844
0.34,0.65,0.36,0.66,1770418874072,1.4843
0.34,0.65,0.35,0.66,1770418874114,1.4843
0.33,0.65,0.35,0.66,1770418874133,1.4843
0.33,0.65,0.35,0.67,1770418874134,1.4843
0.33,0.64,0.35,0.67,1770418874669,1.4844
0.33,0.64,0.36,0.67,1770418874694,1.4844
0.33,0.65,0.36,0.67,1770418874723,1.4844
0.33,0.65,0.35,0.67,1770418874724,1.4844
0.34,0.65,0.35,0.67,1770418875397,1.4842
0.34,0.65,0.35,0.66,1770418875399,1.4842
0.33,0.65,0.35,0.66,1770418875863,1.4842
0.33,0.65,0.35,0.67,1770418875864,1.4842
0.34,0.65,0.35,0.67,1770418875996,1.4842
0.34,0.65,0.35,0.66,1770418875997,1.4842
0.34,0.64,0.35,0.66,1770418876198,1.4842
0.34,0.64,0.36,0.66,1770418876221,1.4842
0.35,0.64,0.36,0.66,1770418876244,1.4842
0.35,0.64,0.36,0.65,1770418876249,1.4842
0.34,0.64,0.36,0.65,1770418876499,1.4842
0.34,0.64,0.36,0.66,1770418876502,1.4842
0.35,0.64,0.36,0.66,1770418876642,1.4842
0.35,0.64,0.36,0.65,1770418876650,1.4842
0.34,0.64,0.36,0.65,1770418876774,1.4842
0.35,0.64,0.36,0.66,1770418876776,1.4842
0.35,0.64,0.36,0.65,1770418876792,1.4842
0.35,0.63,0.36,0.65,1770418876979,1.4842
0.35,0.63,0.37,0.65,1770418876982,1.4842
0.36,0.63,0.37,0.65,1770418877020,1.4842
0.36,0.63,0.37,0.64,1770418877033,1.4842
0.35,0.63,0.37,0.64,1770418877065,1.4842
0.35,0.63,0.37,0.65,1770418877066,1.4842
0.35,0.64,0.37,0.65,1770418877171,1.4842
0.35,0.64,0.36,0.65,1770418877172,1.4842
0.35,0.65,0.36,0.66,1770418877215,1.4842
0.34,0.65,0.35,0.66,1770418877228,1.4845
0.34,0.64,0.35,0.66,1770418880579,1.4846
0.35,0.64,0.36,0.66,1770418880604,1.4846
0.35,0.64,0.36,0.65,1770418880605,1.4846
0.35,0.63,0.36,0.65,1770418880629,1.4846
0.35,0.63,0.37,0.65,1770418880630,1.4846
0.35,0.64,0.37,0.65,1770418880943,1.4846
0.35,0.64,0.36,0.65,1770418880944,1.4846
0.35,0.63,0.36,0.65,1770418881126,1.4846
0.35,0.63,0.37,0.65,1770418881160,1.4846
0.35,0.64,0.37,0.65,1770418881725,1.4845
0.35,0.64,0.36,0.65,1770418881728,1.4845
0.35,0.63,0.36,0.65,1770418881888,1.4845
0.35,0.63,0.37,0.65,1770418881927,1.4845
0.36,0.63,0.37,0.65,1770418882207,1.4845
0.36,0.63,0.37,0.64,1770418882208,1.4845
0.35,0.63,0.37,0.64,1770418882276,1.4845
0.35,0.63,0.37,0.65,1770418882277,1.4845
0.36,0.63,0.37,0.65,1770418882302,1.4845
0.36,0.63,0.37,0.64,1770418882306,1.4845
0.35,0.63,0.37,0.64,1770418882414,1.4845
0.36,0.63,0.37,0.65,1770418882427,1.4845
0.36,0.63,0.37,0.64,1770418882430,1.4845
0.35,0.63,0.37,0.64,1770418882543,1.4845
0.35,0.63,0.37,0.65,1770418882560,1.4845
0.36,0.63,0.37,0.65,1770418882576,1.4845
0.36,0.63,0.37,0.64,1770418882577,1.4845
0.35,0.63,0.37,0.64,1770418882792,1.4845
0.35,0.63,0.37,0.65,1770418882793,1.4845
0.36,0.63,0.37,0.65,1770418882798,1.4845
0.36,0.63,0.37,0.64,1770418882799,1.4845
0.35,0.63,0.37,0.64,1770418883191,1.4845
0.35,0.63,0.37,0.65,1770418883195,1.4845
0.36,0.63,0.37,0.65,1770418883211,1.4845
0.36,0.63,0.37,0.64,1770418883212,1.4845
0.35,0.63,0.37,0.64,1770418883321,1.4845
0.35,0.63,0.37,0.65,1770418883344,1.4845
0.36,0.63,0.37,0.65,1770418883624,1.4845
0.36,0.63,0.37,0.64,1770418883676,1.4845
0.36,0.63,0.38,0.64,1770418888177,1.4848
0.36,0.62,0.38,0.64,1770418888181,1.4848
0.37,0.62,0.38,0.64,1770418888183,1.4848
0.37,0.62,0.38,0.63,1770418888191,1.4848
0.37,0.61,0.38,0.63,1770418888314,1.4847
0.37,0.61,0.39,0.63,1770418888315,1.4847
0.38,0.61,0.39,0.63,1770418888367,1.4847
0.38,0.61,0.39,0.62,1770418888369,1.4847
0.37,0.61,0.39,0.62,1770418888408,1.4847
0.37,0.61,0.39,0.63,1770418888416,1.4847
0.37,0.62,0.39,0.63,1770418888820,1.4847
0.37,0.62,0.38,0.63,1770418888821,1.4847
0.37,0.62,0.38,0.64,1770418889023,1.4847
0.36,0.62,0.38,0.64,1770418889028,1.4847
0.36,0.63,0.38,0.64,1770418889096,1.4847
0.36,0.63,0.37,0.64,1770418889113,1.4847
0.36,0.62,0.37,0.64,1770418889131,1.4847
0.36,0.62,0.38,0.64,1770418889150,1.4847
0.36,0.63,0.38,0.64,1770418889416,1.4852
0.36,0.63,0.37,0.64,1770418889417,1.4852
0.36,0.62,0.37,0.64,1770418889451,1.4852
0.36,0.62,0.38,0.64,1770418889452,1.4852
0.36,0.63,0.38,0.64,1770418889937,1.4852
0.36,0.63,0.37,0.64,1770418889938,1.4852
0.36,0.62,0.37,0.64,1770418890159,1.4852
0.36,0.62,0.38,0.64,1770418890160,1.4852
0.36,0.63,0.38,0.64,1770418890279,1.4853
0.36,0.63,0.37,0.64,1770418890283,1.4853
0.36,0.62,0.37,0.64,1770418890514,1.4853
0.36,0.62,0.38,0.64,1770418890516,1.4853
0.36,0.63,0.38,0.64,1770418890728,1.4853
0.36,0.63,0.37,0.64,1770418890729,1.4853
0.36,0.62,0.37,0.64,1770418891077,1.4853
0.36,0.62,0.38,0.64,1770418891110,1.4853
0.37,0.62,0.38,0.64,1770418891290,1.4853
0.37,0.62,0.38,0.63,1770418891298,1.4853
0.37,0.61,0.38,0.63,1770418891593,1.4853
0.37,0.61,0.39,0.63,1770418891596,1.4853
0.38,0.61,0.39,0.63,1770418891852,1.4853
0.38,0.61,0.39,0.62,1770418891853,1.4853
0.37,0.61,0.39,0.62,1770418891940,1.4853
0.37,0.61,0.39,0.63,1770418891942,1.4853
0.38,0.61,0.39,0.63,1770418891966,1.4853
0.38,0.61,0.39,0.62,1770418892201,1.4853
0.37,0.61,0.39,0.62,1770418892843,1.4854
0.37,0.61,0.39,0.63,1770418892844,1.4854
0.37,0.62,0.39,0.63,1770418892971,1.4854
0.37,0.62,0.38,0.63,1770418892978,1.4854
0.37,0.61,0.38,0.63,1770418893884,1.4855
0.37,0.61,0.39,0.63,1770418893929,1.4855
0.37,0.62,0.39,0.63,1770418894246,1.4856
0.37,0.62,0.38,0.63,1770418894249,1.4856
0.37,0.61,0.38,0.63,1770418894790,1.4856
0.37,0.61,0.39,0.63,1770418894812,1.4856
0.37,0.62,0.39,0.63,1770418896137,1.4855
0.37,0.62,0.38,0.63,1770418896138,1.4855
0.37,0.61,0.38,0.63,1770418896330,1.4855
0.37,0.61,0.39,0.63,1770418896358,1.4855
0.37,0.62,0.39,0.63,1770418896968,1.4855
0.37,0.62,0.38,0.63,1770418896987,1.4855
0.37,0.61,0.38,0.63,1770418897123,1.4855
0.37,0.61,0.39,0.63,1770418897127,1.4855
0.37,0.62,0.39,0.63,1770418898259,1.4855
0.37,0.62,0.38,0.63,1770418898263,1.4855
0.36,0.62,0.38,0.63,1770418898267,1.4855
0.36,0.62,0.38,0.64,1770418898268,1.4855
0.37,0.62,0.38,0.64,1770418898463,1.4855
0.37,0.62,0.38,0.63,1770418898493,1.4855
0.36,0.62,0.38,0.63,1770418898869,1.4855
0.36,0.62,0.38,0.64,1770418898870,1.4855
0.37,0.62,0.38,0.64,1770418899109,1.4855
0.37,0.62,0.38,0.63,1770418899110,1.4855
0.36,0.62,0.38,0.63,1770418899157,1.4855
0.36,0.62,0.38,0.64,1770418899165,1.4855
0.37,0.62,0.38,0.64,1770418899382,1.4855
0.37,0.62,0.38,0.63,1770418899386,1.4855
0.36,0.62,0.38,0.63,1770418899671,1.4855
0.36,0.62,0.38,0.64,1770418899678,1.4855
0.37,0.62,0.38,0.64,1770418899744,1.4855
0.37,0.61,0.38,0.63,1770418899813,1.4855
0.37,0.61,0.39,0.63,1770418899814,1.4855
0.37,0.62,0.39,0.63,1770418899817,1.4855
0.37,0.62,0.38,0.63,1770418899820,1.4855
0.37,0.61,0.38,0.63,1770418900078,1.4855
0.37,0.61,0.39,0.63,1770418900084,1.4855
0.38,0.61,0.39,0.63,1770418900358,1.4855
0.38,0.61,0.39,0.62,1770418900374,1.4855
0.37,0.61,0.39,0.62,1770418900477,1.4855
0.37,0.61,0.39,0.63,1770418900479,1.4855
0.38,0.61,0.39,0.63,1770418900638,1.4855
0.38,0.61,0.39,0.62,1770418900639,1.4855
0.37,0.61,0.39,0.62,1770418900964,1.4855
0.37,0.61,0.39,0.63,1770418900967,1.4855
0.38,0.61,0.39,0.63,1770418900985,1.4855
0.38,0.61,0.39,0.62,1770418901079,1.4855
0.37,0.61,0.39,0.62,1770418901093,1.4855
0.37,0.61,0.39,0.63,1770418901094,1.4855
0.38,0.61,0.39,0.63,1770418901121,1.4855
0.38,0.61,0.39,0.62,1770418901124,1.4855
0.37,0.61,0.39,0.62,1770418901220,1.4855
0.38,0.61,0.39,0.63,1770418901222,1.4855
0.38,0.61,0.39,0.62,1770418901225,1.4855
0.37,0.61,0.39,0.62,1770418901364,1.4854
0.37,0.61,0.39,0.63,1770418901365,1.4854
0.37,0.61,0.39,0.62,1770418901372,1.4854
0.38,0.61,0.39,0.62,1770418901373,1.4854
0.38,0.61,0.39,0.63,1770418904729,1.4856
0.37,0.61,0.39,0.63,1770418904751,1.4856
0.37,0.62,0.39,0.63,1770418905841,1.4855
0.37,0.61,0.38,0.63,1770418905917,1.4855
0.37,0.61,0.39,0.63,1770418905950,1.4855
0.37,0.62,0.39,0.63,1770418905975,1.4855
0.37,0.62,0.38,0.63,1770418905992,1.4855
0.36,0.62,0.38,0.63,1770418905998,1.4855
0.36,0.62,0.38,0.64,1770418906007,1.4855
0.36,0.63,0.38,0.64,1770418906566,1.4853
0.36,0.63,0.37,0.64,1770418906567,1.4853
0.36,0.62,0.37,0.64,1770418907820,1.485
0.36,0.62,0.38,0.64,1770418907826,1.485
0.36,0.63,0.38,0.64,1770418907878,1.485
0.36,0.63,0.37,0.64,1770418907879,1.485
0.34,0.63,0.37,0.64,1770418910078,1.485
0.34,0.63,0.37,0.66,1770418910079,1.485
0.33,0.63,0.37,0.66,1770418910092,1.485
0.33,0.63,0.37,0.67,1770418910104,1.485
0.33,0.64,0.37,0.67,1770418910111,1.485
0.33,0.64,0.36,0.67,1770418910112,1.485
0.33,0.65,0.35,0.67,1770418910115,1.485
0.33,0.66,0.35,0.67,1770418910234,1.4843
0.33,0.66,0.34,0.67,1770418910236,1.4843
0.33,0.65,0.34,0.67,1770418910356,1.4843
0.33,0.66,0.35,0.67,1770418910357,1.4843
0.33,0.66,0.34,0.67,1770418910390,1.4843
0.33,0.65,0.34,0.67,1770418910817,1.4843
0.33,0.65,0.35,0.67,1770418910818,1.4843
0.33,0.66,0.35,0.67,1770418910831,1.4843
0.33,0.66,0.34,0.67,1770418910832,1.4843
0.33,0.65,0.34,0.67,1770418911339,1.4837
0.33,0.65,0.35,0.67,1770418911392,1.4837
0.33,0.66,0.35,0.67,1770418911461,1.4837
0.33,0.66,0.34,0.67,1770418911486,1.4837
0.33,0.65,0.34,0.67,1770418912484,1.4839
0.33,0.65,0.35,0.67,1770418912494,1.4839
0.33,0.66,0.35,0.67,1770418912529,1.4839
0.33,0.66,0.34,0.67,1770418912538,1.4839
0.33,0.65,0.34,0.67,1770418912556,1.4839
0.33,0.65,0.35,0.67,1770418912565,1.4839
0.33,0.66,0.35,0.67,1770418912649,1.4839
0.33,0.66,0.34,0.67,1770418912668,1.4839
0.33,0.65,0.34,0.67,1770418912684,1.4839
0.33,0.65,0.35,0.67,1770418912706,1.4839
0.33,0.66,0.35,0.67,1770418913159,1.4839
0.33,0.66,0.34,0.67,1770418913178,1.4839
0.33,0.65,0.34,0.67,1770418913191,1.4839
0.33,0.65,0.35,0.67,1770418913195,1.4839
0.34,0.65,0.35,0.67,1770418913316,1.4838
0.34,0.65,0.35,0.66,1770418913334,1.4838
0.33,0.65,0.35,0.66,1770418913540,1.4838
0.34,0.65,0.35,0.67,1770418913541,1.4838
0.34,0.65,0.35,0.66,1770418913545,1.4838
0.33,0.65,0.35,0.66,1770418913670,1.4838
0.33,0.65,0.35,0.67,1770418913671,1.4838
0.34,0.65,0.35,0.67,1770418913680,1.4838
0.34,0.65,0.35,0.66,1770418913683,1.4838
0.33,0.65,0.35,0.66,1770418913721,1.4838
0.33,0.65,0.35,0.67,1770418913722,1.4838
0.33,0.66,0.35,0.67,1770418913757,1.4838
0.33,0.66,0.34,0.67,1770418913758,1.4838
0.33,0.65,0.34,0.67,1770418914295,1.4838
0.33,0.65,0.35,0.67,1770418914315,1.484
0.33,0.66,0.35,0.67,1770418914644,1.484
0.33,0.66,0.34,0.67,1770418914645,1.484
0.32,0.66,0.34,0.67,1770418914646,1.484
0.32,0.66,0.34,0.68,1770418914647,1.484
0.33,0.66,0.34,0.68,1770418915438,1.4838
0.33,0.66,0.34,0.67,1770418915451,1.4838
0.32,0.66,0.34,0.67,1770418915556,1.4838
0.32,0.66,0.34,0.68,1770418915557,1.4838
0.34,0.66,0.35,0.68,1770418917240,1.4836
0.34,0.65,0.35,0.66,1770418917261,1.4836
0.34,0.66,0.35,0.67,1770418918133,1.4836
0.33,0.66,0.34,0.67,1770418918134,1.4836
0.32,0.66,0.34,0.67,1770418918162,1.4836
0.32,0.66,0.34,0.68,1770418918163,1.4836
0.33,0.66,0.34,0.68,1770418918323,1.4835
0.33,0.66,0.34,0.67,1770418918324,1.4835
0.33,0.65,0.34,0.67,1770418918427,1.4835
0.33,0.65,0.35,0.67,1770418918428,1.4835
0.34,0.65,0.35,0.67,1770418918684,1.4835
0.34,0.65,0.35,0.66,1770418918685,1.4835
0.34,0.64,0.35,0.66,1770418918786,1.4835
0.34,0.64,0.36,0.66,1770418918803,1.4835
0.35,0.64,0.36,0.66,1770418918818,1.4835
0.35,0.64,0.36,0.65,1770418918819,1.4835
0.34,0.64,0.36,0.65,1770418919752,1.4842
0.34,0.64,0.36,0.66,1770418919755,1.4842
0.35,0.64,0.36,0.66,1770418919869,1.4842
0.35,0.64,0.36,0.65,1770418919870,1.4842
0.34,0.64,0.36,0.65,1770418919892,1.4842
0.34,0.64,0.36,0.66,1770418919900,1.4842
0.35,0.64,0.36,0.66,1770418919932,1.4842
0.35,0.64,0.36,0.65,1770418919942,1.4842
0.35,0.63,0.36,0.65,1770418925442,1.4847
0.35,0.63,0.37,0.65,1770418925443,1.4847
0.36,0.63,0.37,0.65,1770418925890,1.4847
0.36,0.63,0.37,0.64,1770418925891,1.4847
0.36,0.62,0.37,0.64,1770418925951,1.4847
0.36,0.62,0.38,0.64,1770418925958,1.4847
0.36,0.62,0.39,0.64,1770418925970,1.4847
0.36,0.61,0.39,0.64,1770418925975,1.4847
0.36,0.62,0.39,0.64,1770418925976,1.4847
0.36,0.62,0.38,0.64,1770418925977,1.4847
0.37,0.62,0.38,0.64,1770418925983,1.4847
0.37,0.62,0.38,0.63,1770418925988,1.4847
0.37,0.61,0.38,0.63,1770418926102,1.4847
0.37,0.61,0.39,0.63,1770418926104,1.4847
0.38,0.61,0.39,0.63,1770418926128,1.4847
0.38,0.61,0.39,0.62,1770418926129,1.4847
0.38,0.6,0.39,0.62,1770418927094,1.4857
0.38,0.6,0.4,0.62,1770418927095,1.4857
0.39,0.6,0.4,0.62,1770418927424,1.4857
0.39,0.6,0.4,0.61,1770418927425,1.4857
0.39,0.59,0.4,0.61,1770418927452,1.4857
0.39,0.59,0.41,0.61,1770418927454,1.4857
0.4,0.59,0.41,0.61,1770418927743,1.4857
0.4,0.59,0.41,0.6,1770418927758,1.4857
0.4,0.59,0.42,0.6,1770418929325,1.4868
0.4,0.58,0.42,0.6,1770418929326,1.4868
0.41,0.58,0.42,0.6,1770418929338,1.4868
0.41,0.58,0.42,0.59,1770418929339,1.4868
0.41,0.57,0.42,0.59,1770418929403,1.4868
0.41,0.57,0.43,0.59,1770418929405,1.4868
0.42,0.57,0.43,0.59,1770418929428,1.4868
0.42,0.57,0.43,0.58,1770418929429,1.4868
0.41,0.57,0.43,0.58,1770418929853,1.4868
0.41,0.57,0.43,0.59,1770418929859,1.4868
0.42,0.57,0.43,0.59,1770418931067,1.487
0.42,0.57,0.43,0.58,1770418931088,1.487
0.42,0.56,0.43,0.58,1770418931107,1.487
0.42,0.56,0.44,0.58,1770418931108,1.487
0.43,0.56,0.44,0.58,1770418931161,1.487
0.43,0.56,0.44,0.57,1770418931163,1.487
0.43,0.55,0.44,0.57,1770418933182,1.4874
0.43,0.55,0.45,0.57,1770418933183,1.4874
0.44,0.55,0.45,0.57,1770418933210,1.4874
0.44,0.55,0.45,0.56,1770418933211,1.4874
0.44,0.54,0.45,0.56,1770418933251,1.4874
0.44,0.54,0.46,0.56,1770418933256,1.4878
0.45,0.54,0.46,0.56,1770418933691,1.4878
0.45,0.54,0.46,0.55,1770418933692,1.4878
0.45,0.54,0.46,0.56,1770418934309,1.488
0.44,0.54,0.46,0.56,1770418934332,1.488
0.45,0.54,0.46,0.56,1770418934780,1.488
0.45,0.54,0.46,0.55,1770418934805,1.488
0.45,0.53,0.46,0.55,1770418939074,1.4883
0.45,0.53,0.47,0.55,1770418939075,1.4883
0.46,0.53,0.47,0.55,1770418939103,1.4883
0.46,0.53,0.47,0.54,1770418939112,1.4883
0.46,0.53,0.47,0.55,1770418939662,1.4885
0.45,0.53,0.47,0.55,1770418939691,1.4885
0.45,0.54,0.47,0.55,1770418940708,1.4884
0.45,0.54,0.46,0.55,1770418940709,1.4884
0.45,0.53,0.46,0.55,1770418940749,1.4884
0.45,0.54,0.46,0.55,1770418940751,1.4884
0.43,0.54,0.46,0.55,1770418943255,1.4872
0.43,0.54,0.46,0.57,1770418943256,1.4872
0.42,0.54,0.46,0.57,1770418943257,1.4872
0.42,0.54,0.46,0.58,1770418943258,1.4872
0.42,0.55,0.45,0.58,1770418943272,1.4872
0.42,0.56,0.45,0.58,1770418943287,1.4872
0.42,0.56,0.44,0.58,1770418943296,1.4872
0.42,0.57,0.44,0.58,1770418943322,1.4872
0.42,0.57,0.43,0.58,1770418943335,1.4872
0.41,0.57,0.43,0.58,1770418943874,1.4872
0.41,0.57,0.43,0.59,1770418943881,1.4872
0.42,0.57,0.43,0.59,1770418943913,1.4872
0.42,0.57,0.43,0.58,1770418943921,1.4872
0.41,0.57,0.43,0.58,1770418943947,1.4872
0.41,0.57,0.43,0.59,1770418943968,1.4872
0.42,0.57,0.43,0.59,1770418944765,1.4872
0.42,0.57,0.43,0.58,1770418944790,1.4872
0.4,0.57,0.43,0.58,1770418946180,1.4871
0.4,0.57,0.43,0.6,1770418946181,1.4871
0.4,0.58,0.43,0.6,1770418946204,1.4871
0.4,0.58,0.42,0.6,1770418946209,1.4871
0.4,0.58,0.41,0.6,1770418946226,1.4861
0.4,0.59,0.41,0.6,1770418946228,1.4861
0.4,0.59,0.42,0.6,1770418946267,1.4861
0.4,0.58,0.42,0.6,1770418946268,1.4861
0.41,0.58,0.42,0.6,1770418946323,1.4861
0.41,0.58,0.42,0.59,1770418946329,1.4861
0.4,0.58,0.42,0.59,1770418946430,1.4861
0.4,0.58,0.42,0.6,1770418946435,1.4861
0.39,0.58,0.42,0.6,1770418946494,1.4861
0.39,0.58,0.42,0.61,1770418946525,1.4861
0.4,0.58,0.42,0.61,1770418946527,1.4861
0.4,0.58,0.42,0.6,1770418946530,1.4861
0.41,0.58,0.42,0.6,1770418946580,1.4861
0.41,0.58,0.42,0.59,1770418946592,1.4861
0.4,0.58,0.42,0.59,1770418946694,1.4861
0.4,0.58,0.42,0.6,1770418946700,1.4861
0.41,0.58,0.42,0.6,1770418946763,1.4861
0.41,0.58,0.42,0.59,1770418946764,1.4861
0.41,0.57,0.42,0.59,1770418949456,1.4866
0.41,0.57,0.43,0.59,1770418949457,1.4866
0.42,0.57,0.43,0.59,1770418949487,1.4866
0.42,0.57,0.43,0.58,1770418949488,1.4866
0.41,0.57,0.43,0.58,1770418949601,1.4866
0.41,0.57,0.43,0.59,1770418949602,1.4866
0.41,0.57,0.43,0.58,1770418949690,1.4866
0.42,0.57,0.43,0.58,1770418949702,1.4866
0.42,0.56,0.43,0.58,1770418951667,1.4869
0.42,0.56,0.44,0.58,1770418951690,1.4869
0.43,0.56,0.44,0.58,1770418951874,1.4869
0.43,0.56,0.44,0.57,1770418951893,1.4869
0.42,0.56,0.44,0.57,1770418951894,1.4869
0.42,0.56,0.44,0.58,1770418951895,1.4869
0.43,0.56,0.44,0.58,1770418951949,1.4869
0.43,0.56,0.44,0.57,1770418951953,1.4869
0.43,0.55,0.44,0.57,1770418952150,1.4869
0.43,0.55,0.45,0.57,1770418952175,1.4869
0.44,0.55,0.45,0.57,1770418952205,1.4869
0.44,0.55,0.45,0.56,1770418952206,1.4869
0.44,0.54,0.45,0.56,1770418953650,1.4876
0.44,0.54,0.46,0.56,1770418953651,1.4876
0.45,0.54,0.46,0.56,1770418953802,1.4876
0.45,0.54,0.46,0.55,1770418953803,1.4876
0.45,0.53,0.46,0.55,1770418954712,1.4878
0.45,0.53,0.47,0.55,1770418954744,1.4878
0.45,0.53,0.46,0.55,1770418954944,1.4878
0.45,0.54,0.47,0.55,1770418954962,1.4878
0.45,0.53,0.47,0.55,1770418955048,1.4878
0.46,0.53,0.47,0.55,1770418956082,1.4879
0.46,0.53,0.47,0.54,1770418956083,1.4879
0.46,0.52,0.47,0.54,1770418957967,1.4885
0.46,0.52,0.48,0.54,1770418957992,1.4885
0.47,0.52,0.48,0.54,1770418958731,1.4885
0.47,0.52,0.48,0.53,1770418958732,1.4885
0.47,0.51,0.48,0.53,1770418959009,1.4885
0.47,0.51,0.49,0.53,1770418959050,1.4885
0.48,0.51,0.49,0.53,1770418959266,1.4889
0.48,0.51,0.49,0.52,1770418959285,1.4889
0.47,0.51,0.49,0.52,1770418959379,1.4889
0.47,0.51,0.49,0.53,1770418959415,1.4889
0.47,0.51,0.49,0.52,1770418959483,1.4889
0.48,0.51,0.49,0.52,1770418959490,1.4889
0.48,0.52,0.49,0.54,1770418963526,1.4886
0.46,0.52,0.48,0.54,1770418963527,1.4886
0.47,0.52,0.48,0.54,1770418966574,1.4887
0.47,0.52,0.48,0.53,1770418966575,1.4887
0.47,0.51,0.48,0.53,1770418969792,1.4887
0.47,0.51,0.49,0.53,1770418969811,1.4887
0.47,0.52,0.49,0.53,1770418970742,1.4889
0.47,0.52,0.48,0.53,1770418970766,1.4889
0.47,0.51,0.48,0.53,1770418971341,1.4889
0.47,0.51,0.49,0.53,1770418971342,1.4889
0.48,0.51,0.49,0.53,1770418974059,1.489
0.48,0.51,0.49,0.52,1770418974068,1.489
0.48,0.5,0.49,0.52,1770418974847,1.4892
0.48,0.5,0.5,0.52,1770418974855,1.4892
0.49,0.5,0.5,0.52,1770418974874,1.4892
0.49,0.5,0.5,0.51,1770418974881,1.4892
0.49,0.48,0.5,0.51,1770418974902,1.4892
0.49,0.48,0.52,0.51,1770418974903,1.4892
0.49,0.49,0.52,0.51,1770418974928,1.4892
0.49,0.49,0.51,0.51,1770418974929,1.4892
0.5,0.49,0.51,0.51,1770418974948,1.4892
0.5,0.49,0.51,0.5,1770418974963,1.4892
0.5,0.48,0.51,0.5,1770418975054,1.4892
0.5,0.48,0.52,0.5,1770418975055,1.4892
0.51,0.48,0.52,0.5,1770418975080,1.4892
0.51,0.48,0.52,0.49,1770418975084,1.4892
0.51,0.47,0.52,0.49,1770418976608,1.4906
0.52,0.47,0.53,0.49,1770418976639,1.4906
0.52,0.47,0.53,0.48,1770418976640,1.4906
0.53,0.47,0.54,0.48,1770418976792,1.4906
0.53,0.46,0.54,0.47,1770418976793,1.4906
0.53,0.45,0.54,0.47,1770418977239,1.4906
0.53,0.45,0.55,0.47,1770418977241,1.4906
0.54,0.45,0.55,0.46,1770418977242,1.4906
0.55,0.45,0.58,0.46,1770418977267,1.4923
0.55,0.42,0.58,0.45,1770418977268,1.4923
0.55,0.44,0.58,0.45,1770418977320,1.4923
0.55,0.44,0.56,0.45,1770418977333,1.4923
0.55,0.42,0.56,0.45,1770418977348,1.4923
0.55,0.42,0.58,0.45,1770418977352,1.4923
0.56,0.42,0.58,0.45,1770418977372,1.4923
0.56,0.42,0.58,0.44,1770418977373,1.4923
0.57,0.42,0.58,0.44,1770418977417,1.4923
0.57,0.41,0.58,0.43,1770418977429,1.4923
0.57,0.41,0.59,0.43,1770418977436,1.4923
0.56,0.41,0.59,0.43,1770418977438,1.4923
0.56,0.41,0.59,0.44,1770418977439,1.4923
0.57,0.41,0.59,0.44,1770418977464,1.4923
0.57,0.41,0.59,0.43,1770418977465,1.4923
0.58,0.41,0.59,0.43,1770418977510,1.4923
0.58,0.41,0.59,0.42,1770418977511,1.4923
0.58,0.4,0.59,0.42,1770418977516,1.4923
0.58,0.4,0.6,0.42,1770418977517,1.4923
0.59,0.4,0.6,0.42,1770418977570,1.4923
0.59,0.4,0.6,0.41,1770418977571,1.4923
0.58,0.4,0.6,0.41,1770418977594,1.4923
0.58,0.4,0.6,0.42,1770418977602,1.4923
0.59,0.4,0.6,0.42,1770418977625,1.4923
0.59,0.4,0.6,0.41,1770418977626,1.4923
0.6,0.4,0.61,0.41,1770418977701,1.4923
0.6,0.39,0.61,0.4,1770418977703,1.4923
0.59,0.39,0.61,0.4,1770418978024,1.4923
0.59,0.39,0.61,0.41,1770418978025,1.4923
0.6,0.39,0.61,0.41,1770418978027,1.4923
0.6,0.39,0.61,0.4,1770418978031,1.4923
0.59,0.39,0.61,0.4,1770418978060,1.4923
0.59,0.4,0.61,0.41,1770418978061,1.4923
0.59,0.4,0.6,0.41,1770418978062,1.4923
0.59,0.4,0.6,0.42,1770418978198,1.4923
0.58,0.4,0.6,0.42,1770418978223,1.4923
0.58,0.41,0.6,0.42,1770418978224,1.4922
0.58,0.41,0.59,0.42,1770418978233,1.4922
0.56,0.41,0.59,0.42,1770418978303,1.4922
0.56,0.41,0.59,0.44,1770418978309,1.4922
0.56,0.42,0.59,0.44,1770418978325,1.4922
0.57,0.42,0.58,0.44,1770418978329,1.4922
0.57,0.42,0.58,0.43,1770418978352,1.4922
0.56,0.42,0.58,0.43,1770418978455,1.4922
0.56,0.42,0.58,0.44,1770418978458,1.4922
0.57,0.42,0.58,0.44,1770418978467,1.4922
0.57,0.42,0.58,0.43,1770418978475,1.4922
0.57,0.43,0.58,0.44,1770418978634,1.4922
0.56,0.43,0.57,0.44,1770418978635,1.4922
0.56,0.42,0.57,0.44,1770418979043,1.4922
0.56,0.42,0.58,0.44,1770418979069,1.4922
0.57,0.42,0.58,0.44,1770418979082,1.4922
0.57,0.42,0.58,0.43,1770418979083,1.4922
0.56,0.42,0.58,0.43,1770418980547,1.4926
0.56,0.42,0.58,0.44,1770418980552,1.4926
0.56,0.43,0.58,0.44,1770418980573,1.4926
0.56,0.43,0.57,0.44,1770418980574,1.4926
0.55,0.43,0.57,0.44,1770418981216,1.4926
0.55,0.43,0.56,0.45,1770418981221,1.4926
0.55,0.44,0.56,0.45,1770418981222,1.4926
0.55,0.45,0.56,0.46,1770418981237,1.4926
0.54,0.45,0.55,0.46,1770418981238,1.4926
0.53,0.45,0.55,0.46,1770418981271,1.4926
0.53,0.45,0.55,0.47,1770418981275,1.4926
0.54,0.45,0.55,0.47,1770418981285,1.4914
0.54,0.45,0.55,0.46,1770418981286,1.4914
0.53,0.45,0.55,0.46,1770418981853,1.4914
0.53,0.45,0.55,0.47,1770418981854,1.4914
0.54,0.45,0.55,0.47,1770418981954,1.4914
0.54,0.45,0.55,0.46,1770418981955,1.4914
0.53,0.45,0.55,0.46,1770418982200,1.4914
0.53,0.45,0.55,0.47,1770418982226,1.4914
0.54,0.45,0.55,0.47,1770418982341,1.4915
0.54,0.45,0.55,0.46,1770418982344,1.4915
0.53,0.45,0.55,0.46,1770418982432,1.4915
0.53,0.45,0.55,0.47,1770418982433,1.4915
0.53,0.46,0.55,0.47,1770418982553,1.4915
0.53,0.46,0.54,0.47,1770418982554,1.4915
0.53,0.45,0.54,0.47,1770418983042,1.4915
0.53,0.45,0.55,0.47,1770418983059,1.4915
0.54,0.45,0.55,0.47,1770418983097,1.4915
0.54,0.45,0.55,0.46,1770418983100,1.4915
0.54,0.44,0.55,0.46,1770418983328,1.4916
0.54,0.44,0.56,0.46,1770418983340,1.4916
0.54,0.45,0.56,0.46,1770418983354,1.4916
0.54,0.45,0.55,0.46,1770418983356,1.4916
0.54,0.44,0.55,0.46,1770418983374,1.4916
0.55,0.44,0.56,0.46,1770418983394,1.4916
0.55,0.44,0.56,0.45,1770418983399,1.4916
0.54,0.44,0.56,0.45,1770418983657,1.4916
0.54,0.44,0.56,0.46,1770418983658,1.4916
0.54,0.45,0.56,0.46,1770418983686,1.4916
0.54,0.45,0.55,0.46,1770418983687,1.4916
0.53,0.45,0.55,0.46,1770418983769,1.4916
0.53,0.45,0.55,0.47,1770418983772,1.4916
0.53,0.46,0.55,0.47,1770418983797,1.4916
0.53,0.46,0.54,0.47,1770418983798,1.4916
0.53,0.46,0.54,0.48,1770418985346,1.4912
0.52,0.46,0.54,0.48,1770418985347,1.4912
0.52,0.45,0.54,0.48,1770418985644,1.4912
0.52,0.45,0.55,0.48,1770418985645,1.4912
0.52,0.46,0.55,0.48,1770418985696,1.4912
0.52,0.46,0.54,0.48,1770418985747,1.4912
0.53,0.46,0.54,0.48,1770418986130,1.4912
0.53,0.46,0.54,0.47,1770418986131,1.4912
0.53,0.45,0.54,0.47,1770418986267,1.4912
0.53,0.45,0.55,0.47,1770418986275,1.4912
0.52,0.45,0.55,0.47,1770418986292,1.4912
0.52,0.45,0.55,0.48,1770418986293,1.4912
0.52,0.46,0.55,0.48,1770418986324,1.4912
0.52,0.46,0.54,0.48,1770418986328,1.4912
0.53,0.46,0.54,0.48,1770418986438,1.4912
0.53,0.46,0.54,0.47,1770418986464,1.4912
0.52,0.46,0.54,0.47,1770418986595,1.4912
0.52,0.46,0.54,0.48,1770418986596,1.4912
0.53,0.46,0.54,0.48,1770418986741,1.4912
0.53,0.46,0.54,0.47,1770418986879,1.4912
0.52,0.46,0.54,0.47,1770418986896,1.4912
0.52,0.46,0.54,0.48,1770418986902,1.4912
0.53,0.46,0.54,0.48,1770418987096,1.4912
0.53,0.45,0.55,0.47,1770418987097,1.4912
0.54,0.45,0.55,0.47,1770418987347,1.4913
0.54,0.45,0.55,0.46,1770418987348,1.4913
0.54,0.44,0.55,0.46,1770418987487,1.4913
0.54,0.44,0.56,0.46,1770418987492,1.4913
0.54,0.45,0.56,0.46,1770418987529,1.4913
0.54,0.45,0.55,0.46,1770418987535,1.4913
0.52,0.45,0.55,0.46,1770418987937,1.4913
0.52,0.46,0.55,0.48,1770418987966,1.4913
0.52,0.46,0.54,0.48,1770418987967,1.4913
0.52,0.47,0.54,0.48,1770418987980,1.4913
0.52,0.47,0.53,0.48,1770418987986,1.4913
0.51,0.47,0.53,0.48,1770418988006,1.4913
0.51,0.46,0.53,0.49,1770418988007,1.4913
0.51,0.46,0.54,0.49,1770418988010,1.4913
0.51,0.47,0.54,0.49,1770418988019,1.4913
0.51,0.47,0.53,0.49,1770418988026,1.4913
0.51,0.48,0.53,0.49,1770418988136,1.4913
0.51,0.48,0.52,0.49,1770418988137,1.4913
0.51,0.46,0.52,0.49,1770418988257,1.4909
0.51,0.46,0.54,0.49,1770418988280,1.4909
0.52,0.46,0.54,0.49,1770418988293,1.4909
0.52,0.46,0.54,0.48,1770418988294,1.4909
0.52,0.47,0.54,0.48,1770418988297,1.4909
0.52,0.47,0.53,0.48,1770418988298,1.4909
0.52,0.46,0.53,0.48,1770418988337,1.4909
0.52,0.46,0.54,0.48,1770418988338,1.4909
0.52,0.47,0.54,0.48,1770418988376,1.4909
0.52,0.47,0.53,0.48,1770418988377,1.4909
0.52,0.46,0.53,0.48,1770418988495,1.4909
0.52,0.46,0.54,0.48,1770418988519,1.4909
0.52,0.47,0.54,0.48,1770418988663,1.4909
0.52,0.47,0.53,0.48,1770418988667,1.4909
0.52,0.46,0.53,0.48,1770418988687,1.4909
0.52,0.46,0.54,0.48,1770418988700,1.4909
0.53,0.46,0.54,0.48,1770418988724,1.4909
0.53,0.46,0.54,0.47,1770418988731,1.4909
0.51,0.46,0.54,0.47,1770418991619,1.4907
0.51,0.46,0.54,0.49,1770418991620,1.4907
0.51,0.47,0.54,0.49,1770418991643,1.4907
0.51,0.47,0.53,0.49,1770418991652,1.4907
0.51,0.48,0.53,0.49,1770418991672,1.4907
0.51,0.48,0.52,0.49,1770418991673,1.4907
0.51,0.47,0.52,0.49,1770418991737,1.4907
0.51,0.47,0.53,0.49,1770418991740,1.4907
0.52,0.47,0.53,0.49,1770418991753,1.4907
0.52,0.47,0.53,0.48,1770418991754,1.4907
0.52,0.46,0.53,0.48,1770418991801,1.4907
0.52,0.46,0.54,0.48,1770418991802,1.4907
0.52,0.47,0.54,0.48,1770418991803,1.4907
0.52,0.47,0.53,0.48,1770418991806,1.4907
0.52,0.46,0.53,0.48,1770418991861,1.4907
0.52,0.46,0.54,0.48,1770418991868,1.4907
0.53,0.46,0.54,0.48,1770418991907,1.4907
0.53,0.46,0.54,0.47,1770418991908,1.4907
0.52,0.46,0.54,0.47,1770418992022,1.4907
0.52,0.46,0.54,0.48,1770418992033,1.4907
0.53,0.46,0.54,0.48,1770418992259,1.4907
0.53,0.46,0.54,0.47,1770418992271,1.4913
0.52,0.46,0.54,0.47,1770418992291,1.4913
0.52,0.46,0.54,0.48,1770418992299,1.4913
0.53,0.46,0.54,0.48,1770418992328,1.4913
0.53,0.46,0.54,0.47,1770418992349,1.4913
0.53,0.46,0.54,0.48,1770418992351,1.4913
0.53,0.46,0.54,0.47,1770418992372,1.4913
0.52,0.46,0.54,0.47,1770418992378,1.4913
