0.93,0.05,0.95,0.06,1770417197021,88.97
0.94,0.05,0.95,0.06,1770417197022,88.97
0.94,0.05,0.95,0.07,1770417197049,88.97
0.93,0.05,0.95,0.07,1770417197050,88.97
0.94,0.05,0.95,0.07,1770417197456,88.96
0.94,0.05,0.95,0.06,1770417197457,88.96
0.95,0.05,0.96,0.06,1770417251843,89.06
0.95,0.04,0.96,0.05,1770417251867,89.06
0.95,0.04,0.96,0.06,1770417265857,89.01
0.94,0.04,0.96,0.06,1770417265861,89.01
0.94,0.04,0.96,0.05,1770417266241,89.01
0.95,0.04,0.96,0.05,1770417266316,89.01
0.96,0.04,0.97,0.05,1770417284254,89.2
0.96,0.03,0.97,0.04,1770417284255,89.2
0.95,0.03,0.97,0.04,1770417310007,89.1
0.95,0.03,0.97,0.05,1770417310010,89.1
0.95,0.03,0.96,0.05,1770417310023,89.1
0.95,0.04,0.96,0.05,1770417310026,89.1
0.95,0.04,0.97,0.05,1770417310046,89.1
0.95,0.03,0.97,0.05,1770417310052,89.1
0.96,0.03,0.97,0.05,1770417310089,89.1
0.96,0.03,0.97,0.04,1770417310104,89.1
0.96,0.01,0.97,0.04,1770417325614,89.24
0.96,0.01,0.99,0.04,1770417325615,89.24
0.97,0.01,0.99,0.04,1770417325646,89.24
0.97,0.01,0.99,0.03,1770417325649,89.24
0.98,0.01,0.99,0.03,1770417331159,89.29
0.98,0.01,0.99,0.02,1770417331166,89.29
0.97,0.01,0.99,0.02,1770417331570,89.29
0.97,0.01,0.99,0.03,1770417331585,89.29
0.98,0.01,0.99,0.03,1770417332169,89.29
0.98,0.01,0.99,0.02,1770417332170,89.29
0.97,0.01,0.99,0.02,1770417332806,89.32
0.97,0.01,0.99,0.03,1770417332807,89.32
0.98,0.01,0.99,0.03,1770417334183,89.31
0.98,0.01,0.99,0.02,1770417334185,89.31
0.97,0.01,0.99,0.02,1770417334300,89.31
0.97,0.01,0.99,0.03,1770417334320,89.31
0.98,0.01,0.99,0.03,1770417334366,89.3
0.98,0.01,0.99,0.02,1770417334367,89.3
0.97,0.01,0.99,0.02,1770417334410,89.3
0.97,0.01,0.99,0.03,1770417334425,89.3
0.98,0.01,0.99,0.03,1770417334489,89.3
0.98,0.01,0.99,0.02,1770417334491,89.3
0.98,0.01,0.99,0.03,1770417364591,89.34
0.97,0.01,0.99,0.03,1770417364614,89.34
0.97,0.01,0.99,0.02,1770417364731,89.34
0.98,0.01,0.99,0.02,1770417364732,89.34
0.98,0.01,0.99,0.03,1770417367484,89.36
0.97,0.01,0.99,0.03,1770417367501,89.36
0.97,0.01,0.99,0.02,1770417390115,89.27
0.98,0.01,0.99,0.02,1770417390226,89.27
0.98,0.01,0.99,0.03,1770417411896,89.33
0.97,0.01,0.99,0.03,1770417411929,89.33
0.97,0.01,0.99,0.02,1770417420740,89.3
0.98,0.01,0.99,0.02,1770417420745,89.3
0.98,0.01,0.99,0.03,1770417425568,89.33
0.97,0.01,0.99,0.03,1770417425576,89.33
0.97,0.01,0.99,0.02,1770417427561,89.31
0.98,0.01,0.99,0.02,1770417427563,89.31
0.98,0.01,0.99,0.03,1770417428245,89.31
0.97,0.01,0.99,0.03,1770417428269,89.31
0.97,0.01,0.99,0.02,1770417429354,89.31
0.98,0.01,0.99,0.02,1770417429375,89.31
0.98,0.01,0.99,0.03,1770417433905,89.32
0.97,0.01,0.99,0.03,1770417433939,89.32
0.961,0.01,0.99,0.03,1770417447283,89.27
0.961,0.01,0.99,0.039,1770417447284,89.27
0.962,0.01,0.99,0.039,1770417447370,89.27
0.962,0.01,0.99,0.038,1770417447373,89.27
0.962,0.02,0.99,0.038,1770417447654,89.27
0.962,0.02,0.98,0.038,1770417447659,89.27
0.962,0.02,0.98,0.03,1770417447733,89.27
0.97,0.02,0.98,0.03,1770417447734,89.27
0.97,0.01,0.98,0.03,1770417447788,89.27
0.97,0.01,0.99,0.03,1770417447796,89.27
0.97,0.01,0.99,0.037,1770417447809,89.27
0.964,0.01,0.99,0.037,1770417447888,89.27
0.964,0.01,0.99,0.036,1770417447889,89.27
0.963,0.01,0.99,0.036,1770417447946,89.27
0.963,0.01,0.99,0.037,1770417447947,89.27
0.964,0.01,0.99,0.037,1770417448710,89.27
0.964,0.01,0.99,0.036,1770417448721,89.27
0.965,0.01,0.99,0.036,1770417449750,89.27
0.965,0.01,0.99,0.035,1770417449755,89.27
0.966,0.01,0.99,0.035,1770417450110,89.27
0.966,0.01,0.99,0.034,1770417450111,89.27
0.965,0.01,0.99,0.034,1770417450145,89.27
0.965,0.01,0.99,0.035,1770417450153,89.27
0.964,0.01,0.99,0.035,1770417450202,89.27
0.964,0.01,0.99,0.036,1770417450203,89.27
0.964,0.01,0.99,0.03,1770417450879,89.27
0.97,0.01,0.99,0.03,1770417450880,89.27
0.97,0.01,0.99,0.037,1770417451404,89.25
0.963,0.01,0.99,0.037,1770417451422,89.25
0.963,0.01,0.98,0.037,1770417451541,89.25
0.963,0.02,0.98,0.037,1770417451557,89.25
0.962,0.02,0.98,0.037,1770417451673,89.25
0.962,0.02,0.98,0.038,1770417451679,89.25
0.96,0.02,0.98,0.038,1770417451760,89.25
0.96,0.02,0.98,0.04,1770417451761,89.25
0.961,0.02,0.98,0.039,1770417451764,89.25
0.96,0.02,0.98,0.039,1770417451789,89.25
0.96,0.02,0.98,0.04,1770417451790,89.25
0.961,0.02,0.98,0.04,1770417452005,89.25
0.961,0.02,0.98,0.039,1770417452028,89.25
0.962,0.02,0.98,0.039,1770417452971,89.19
0.962,0.02,0.98,0.038,1770417452980,89.19
0.961,0.02,0.98,0.038,1770417453000,89.19
0.961,0.02,0.98,0.039,1770417453021,89.19
0.962,0.02,0.98,0.039,1770417453224,89.19
0.962,0.02,0.98,0.038,1770417453225,89.19
0.961,0.02,0.98,0.038,1770417453343,89.18
0.961,0.02,0.98,0.039,1770417453569,89.18
0.962,0.02,0.98,0.039,1770417453688,89.18
0.962,0.02,0.98,0.038,1770417453689,89.18
0.962,0.02,0.98,0.03,1770417454466,89.19
0.97,0.02,0.98,0.03,1770417454526,89.19
0.97,0.02,0.98,0.039,1770417454996,89.19
0.961,0.02,0.98,0.039,1770417455022,89.19
0.96,0.02,0.98,0.039,1770417455435,89.19
0.96,0.02,0.98,0.04,1770417455444,89.19
0.97,0.02,0.98,0.04,1770417456537,89.19
0.97,0.02,0.98,0.03,1770417456557,89.19
0.963,0.02,0.98,0.03,1770417457066,89.19
0.963,0.02,0.98,0.037,1770417457067,89.19
0.963,0.02,0.98,0.03,1770417457235,89.19
0.97,0.02,0.98,0.03,1770417457236,89.19
0.97,0.02,0.98,0.037,1770417457366,89.21
0.963,0.02,0.98,0.037,1770417457367,89.21
0.963,0.02,0.98,0.03,1770417457764,89.21
0.97,0.02,0.98,0.037,1770417457766,89.21
0.963,0.02,0.98,0.037,1770417457767,89.21
0.964,0.02,0.98,0.037,1770417458298,89.21
0.964,0.02,0.98,0.036,1770417458347,89.21
0.963,0.02,0.98,0.036,1770417458511,89.21
0.963,0.02,0.98,0.037,1770417458550,89.21
0.962,0.02,0.98,0.037,1770417458554,89.21
0.962,0.02,0.98,0.038,1770417458765,89.21
0.961,0.02,0.98,0.038,1770417459022,89.21
0.961,0.02,0.98,0.039,1770417459023,89.21
0.96,0.02,0.98,0.039,1770417459053,89.21
0.96,0.02,0.98,0.04,1770417459069,89.21
0.961,0.02,0.98,0.04,1770417459154,89.21
0.961,0.02,0.98,0.039,1770417459155,89.21
0.962,0.02,0.98,0.039,1770417464013,89.2
0.962,0.02,0.98,0.038,1770417464016,89.2
0.963,0.02,0.98,0.038,1770417464039,89.2
0.963,0.02,0.98,0.037,1770417464040,89.2
0.964,0.02,0.98,0.037,1770417464066,89.2
0.964,0.02,0.98,0.036,1770417464067,89.2
0.963,0.02,0.98,0.036,1770417464336,89.21
0.963,0.02,0.98,0.037,1770417464337,89.21
0.962,0.02,0.98,0.037,1770417464340,89.21
0.962,0.02,0.98,0.038,1770417464366,89.21
0.963,0.02,0.98,0.038,1770417465384,89.21
0.963,0.02,0.98,0.037,1770417465385,89.21
0.964,0.02,0.98,0.037,1770417465856,89.21
0.964,0.02,0.98,0.036,1770417465888,89.21
0.965,0.02,0.98,0.036,1770417466202,89.21
0.965,0.02,0.98,0.035,1770417466212,89.21
0.964,0.02,0.98,0.035,1770417466350,89.21
0.964,0.02,0.98,0.036,1770417466351,89.21
0.965,0.02,0.98,0.036,1770417466423,89.21
0.965,0.02,0.98,0.035,1770417466425,89.21
0.966,0.02,0.98,0.035,1770417466566,89.21
0.966,0.02,0.98,0.034,1770417466568,89.21
0.967,0.02,0.98,0.034,1770417466621,89.21
0.967,0.02,0.98,0.033,1770417466644,89.21
0.966,0.02,0.98,0.033,1770417466648,89.21
0.966,0.02,0.98,0.034,1770417466673,89.21
0.967,0.02,0.98,0.034,1770417467762,89.21
0.967,0.02,0.98,0.033,1770417467784,89.21
0.968,0.02,0.98,0.033,1770417467790,89.21
0.968,0.02,0.98,0.032,1770417467803,89.21
0.968,0.02,0.98,0.03,1770417467830,89.21
0.97,0.02,0.98,0.03,1770417467832,89.21
0.97,0.02,0.98,0.032,1770417467915,89.21
0.968,0.02,0.98,0.032,1770417467924,89.21
0.969,0.02,0.98,0.032,1770417468443,89.22
0.969,0.02,0.98,0.031,1770417468448,89.22
0.969,0.02,0.98,0.03,1770417468452,89.22
0.97,0.02,0.98,0.03,1770417468471,89.22
0.971,0.02,0.98,0.03,1770417468973,89.22
0.971,0.02,0.98,0.029,1770417468974,89.22
0.971,0.01,0.98,0.029,1770417468977,89.22
0.971,0.01,0.99,0.029,1770417468978,89.22
0.972,0.01,0.99,0.029,1770417469021,89.22
0.972,0.01,0.99,0.028,1770417469022,89.22
0.972,0.01,0.98,0.028,1770417469029,89.22
0.972,0.02,0.98,0.028,1770417469030,89.22
0.973,0.02,0.98,0.028,1770417469053,89.22
0.973,0.02,0.98,0.027,1770417469068,89.22
0.973,0.02,0.99,0.027,1770417469115,89.22
0.973,0.01,0.99,0.027,1770417469116,89.22
0.974,0.01,0.99,0.027,1770417469124,89.22
0.974,0.01,0.99,0.026,1770417469129,89.22
0.973,0.01,0.99,0.026,1770417469152,89.22
0.973,0.01,0.99,0.027,1770417469163,89.22
0.972,0.01,0.99,0.027,1770417469316,89.27
0.972,0.01,0.99,0.028,1770417469317,89.27
0.972,0.01,0.98,0.028,1770417469434,89.27
0.972,0.02,0.98,0.028,1770417469459,89.27
0.971,0.02,0.98,0.028,1770417469648,89.27
0.971,0.02,0.98,0.029,1770417469679,89.27
0.972,0.02,0.98,0.029,1770417470022,89.27
0.972,0.02,0.98,0.028,1770417470023,89.27
0.973,0.02,0.98,0.028,1770417470115,89.27
0.973,0.02,0.98,0.027,1770417470119,89.27
0.973,0.02,0.99,0.027,1770417470149,89.27
0.973,0.01,0.99,0.027,1770417470150,89.27
0.974,0.01,0.99,0.027,1770417470167,89.27
0.974,0.01,0.99,0.026,1770417470169,89.27
0.975,0.01,0.99,0.026,1770417470518,89.26
0.975,0.01,0.99,0.025,1770417470726,89.26
0.976,0.01,0.99,0.025,1770417471905,89.28
0.976,0.01,0.99,0.024,1770417471906,89.28
0.977,0.01,0.99,0.024,1770417472013,89.28
0.977,0.01,0.99,0.023,1770417472057,89.28
0.978,0.01,0.99,0.023,1770417472262,89.28
0.978,0.01,0.99,0.022,1770417472282,89.28
0.979,0.01,0.99,0.022,1770417472765,89.3
0.979,0.01,0.99,0.021,1770417472766,89.3
0.978,0.01,0.99,0.021,1770417472793,89.3
0.978,0.01,0.99,0.022,1770417472803,89.3
0.979,0.01,0.99,0.022,1770417472869,89.3
0.979,0.01,0.99,0.021,1770417472870,89.3
0.98,0.01,0.99,0.021,1770417473030,89.3
0.98,0.01,0.99,0.02,1770417473031,89.3
0.979,0.01,0.99,0.02,1770417473054,89.3
0.98,0.01,0.99,0.021,1770417473149,89.3
0.98,0.01,0.99,0.02,1770417473185,89.3
0.98,0.01,0.99,0.021,1770417473265,89.3
0.98,0.01,0.99,0.02,1770417473778,89.34
0.979,0.01,0.99,0.02,1770417473805,89.34
0.979,0.01,0.99,0.021,1770417473810,89.34
0.98,0.01,0.99,0.021,1770417473974,89.34
0.98,0.01,0.99,0.02,1770417473978,89.34
0.979,0.01,0.99,0.02,1770417475213,89.33
0.979,0.01,0.99,0.021,1770417475234,89.33
0.978,0.01,0.99,0.021,1770417475241,89.33
0.978,0.01,0.99,0.022,1770417475242,89.33
0.979,0.01,0.99,0.022,1770417475569,89.33
0.979,0.01,0.99,0.021,1770417475574,89.33
0.98,0.01,0.99,0.021,1770417475595,89.33
0.98,0.01,0.99,0.02,1770417475598,89.33
0.981,0.01,0.99,0.02,1770417475619,89.33
0.981,0.01,0.99,0.019,1770417475622,89.33
0.982,0.01,0.99,0.019,1770417475648,89.33
0.982,0.01,0.99,0.018,1770417475649,89.33
0.983,0.01,0.99,0.018,1770417475699,89.33
0.983,0.01,0.99,0.017,1770417475701,89.33
0.984,0.01,0.99,0.017,1770417475780,89.33
0.984,0.01,0.99,0.016,1770417475809,89.33
0.983,0.01,0.99,0.016,1770417475839,89.33
0.983,0.01,0.99,0.017,1770417475876,89.33
0.984,0.01,0.99,0.017,1770417475913,89.33
0.984,0.01,0.99,0.016,1770417475919,89.33
0.983,0.01,0.99,0.016,1770417476134,89.33
0.983,0.01,0.99,0.017,1770417476169,89.33
0.982,0.01,0.99,0.017,1770417476893,89.38
0.983,0.01,0.99,0.018,1770417476975,89.38
0.983,0.01,0.99,0.017,1770417476976,89.38
0.984,0.01,0.99,0.017,1770417479032,89.38
0.984,0.01,0.99,0.016,1770417479033,89.38
0.985,0.01,0.99,0.016,1770417479634,89.37
0.985,0.01,0.99,0.015,1770417479635,89.37
0.986,0.01,0.99,0.015,1770417479975,89.37
0.986,0.01,0.99,0.014,1770417479976,89.37
0.985,0.01,0.99,0.014,1770417480069,89.37
0.985,0.01,0.99,0.015,1770417480219,89.37
0.986,0.01,0.99,0.015,1770417480287,89.37
0.986,0.01,0.99,0.014,1770417480382,89.4
0.987,0.01,0.99,0.014,1770417480384,89.4
0.987,0.01,0.99,0.013,1770417480392,89.4
0.986,0.01,0.99,0.013,1770417480451,89.4
0.986,0.01,0.99,0.014,1770417480460,89.4
0.987,0.01,0.99,0.014,1770417480529,89.4
0.988,0.01,0.99,0.013,1770417480690,89.4
0.988,0.01,0.99,0.012,1770417480697,89.4
0.987,0.01,0.99,0.012,1770417480721,89.4
0.987,0.01,0.99,0.013,1770417480722,89.4
0.988,0.01,0.99,0.013,1770417480795,89.4
0.988,0.01,0.99,0.012,1770417480801,89.4
0.987,0.01,0.99,0.012,1770417481919,89.44
0.987,0.01,0.99,0.013,1770417481920,89.44
0.986,0.01,0.99,0.013,1770417482297,89.44
0.987,0.01,0.99,0.014,1770417482374,89.43
0.987,0.01,0.99,0.013,1770417482375,89.43
0.988,0.01,0.99,0.013,1770417482440,89.43
0.988,0.01,0.99,0.012,1770417483776,89.43
0.989,0.01,0.99,0.012,1770417483975,89.43
0.989,0.01,0.99,0.011,1770417483996,89.43
0.988,0.01,0.99,0.011,1770417483998,89.43
0.989,0.01,0.99,0.012,1770417484076,89.43
0.989,0.01,0.99,0.011,1770417484090,89.43
0.988,0.01,0.99,0.011,1770417485498,89.45
0.988,0.01,0.99,0.012,1770417485544,89.45
0.988,0.003,0.99,0.012,1770417530213,89.77
0.988,0.003,0.997,0.012,1770417530227,89.77
0.988,0.002,0.997,0.012,1770417531112,89.77
0.99,0.002,0.998,0.012,1770417531384,89.77
0.99,0.002,0.998,0.01,1770417531409,89.77
0.988,0.002,0.998,0.01,1770417532926,89.75
0.988,0.002,0.998,0.012,1770417532927,89.75
0.99,0.002,0.998,0.012,1770417535154,89.75
0.99,0.002,0.998,0.01,1770417535177,89.75
0.99,0.002,0.998,0.005,1770417540705,89.75
0.995,0.002,0.998,0.005,1770417540734,89.75
0.995,0.002,0.998,0.004,1770417545799,89.6
0.996,0.002,0.998,0.004,1770417545802,89.6
0.996,0.002,0.998,0.005,1770417666102,89.44
0.99,0.002,0.998,0.005,1770417666814,89.43
0.995,0.002,0.998,0.005,1770417666815,89.43
0.99,0.002,0.998,0.005,1770417666817,89.43
0.99,0.002,0.998,0.01,1770417666821,89.43
0.99,0.002,0.998,0.007,1770417667734,89.41
0.993,0.002,0.998,0.007,1770417667768,89.41
0.993,0.002,0.998,0.004,1770417669495,89.41
0.996,0.002,0.998,0.004,1770417669588,89.41
0.996,0.002,0.998,0.007,1770417671046,89.4
0.993,0.002,0.998,0.007,1770417671058,89.4
0.99,0.002,0.998,0.007,1770417673707,89.32
0.99,0.002,0.998,0.01,1770417673786,89.32
0.988,0.002,0.998,0.01,1770417674585,89.33
0.988,0.002,0.998,0.012,1770417674605,89.33
0.988,0.002,0.998,0.011,1770417676352,89.33
0.989,0.002,0.99,0.011,1770417676430,89.33
0.989,0.01,0.99,0.011,1770417676435,89.33
0.99,0.01,0.998,0.011,1770417708875,89.3
0.99,0.002,0.998,0.01,1770417708888,89.3
0.99,0.006,0.998,0.01,1770417709014,89.3
0.99,0.006,0.994,0.01,1770417709095,89.3
0.99,0.006,0.994,0.009,1770417709255,89.3
0.991,0.006,0.994,0.009,1770417709263,89.3
0.991,0.002,0.994,0.009,1770417714832,89.28
0.991,0.007,0.998,0.009,1770417715968,89.27
0.991,0.007,0.993,0.009,1770417716485,89.26
0.991,0.007,0.993,0.01,1770417716997,89.26
0.99,0.007,0.993,0.01,1770417717026,89.26
0.99,0.002,0.993,0.01,1770417718451,89.24
0.99,0.002,0.998,0.01,1770417718531,89.24
0.99,0.007,0.998,0.01,1770417720592,89.23
0.99,0.007,0.993,0.01,1770417720685,89.23
0.99,0.002,0.993,0.01,1770417723401,89.26
0.99,0.002,0.998,0.01,1770417723495,89.26
0.99,0.006,0.998,0.01,1770417724541,89.28
0.99,0.006,0.994,0.01,1770417724542,89.28
0.99,0.002,0.994,0.01,1770417724583,89.28
0.99,0.002,0.998,0.01,1770417724600,89.28
0.99,0.004,0.998,0.01,1770417728239,89.35
0.99,0.004,0.996,0.01,1770417729603,89.37
0.99,0.002,0.996,0.01,1770417731974,89.36
0.99,0.002,0.998,0.01,1770417731985,89.36
0.99,0.005,0.998,0.01,1770417732033,89.36
0.99,0.005,0.995,0.01,1770417732080,89.36
0.99,0.005,0.995,0.009,1770417739144,89.37
0.991,0.005,0.995,0.009,1770417739178,89.37
0.991,0.002,0.995,0.009,1770417752665,89.34
0.991,0.002,0.998,0.009,1770417752708,89.34
0.991,0.006,0.998,0.009,1770417752877,89.34
0.991,0.006,0.994,0.009,1770417753667,89.31
0.991,0.002,0.994,0.009,1770417756157,89.28
0.991,0.006,0.998,0.009,1770417756944,89.27
0.991,0.002,0.994,0.009,1770417757709,89.28
0.991,0.002,0.998,0.009,1770417757717,89.28
0.991,0.005,0.998,0.009,1770417757977,89.28
0.991,0.005,0.995,0.009,1770417757978,89.28
0.991,0.002,0.995,0.009,1770417761893,89.35
0.991,0.002,0.998,0.009,1770417762339,89.35
0.991,0.004,0.998,0.009,1770417764703,89.38
0.991,0.004,0.996,0.009,1770417764758,89.38
0.991,0.002,0.996,0.009,1770417764808,89.38
0.991,0.005,0.998,0.009,1770417764869,89.38
0.991,0.005,0.995,0.009,1770417764912,89.38
0.991,0.002,0.995,0.009,1770417776436,89.33
0.991,0.004,0.998,0.009,1770417776532,89.33
0.991,0.004,0.996,0.009,1770417777738,89.36
0.991,0.002,0.996,0.009,1770417786582,89.38
0.991,0.002,0.998,0.009,1770417786583,89.38
0.991,0.003,0.998,0.009,1770417790584,89.39
0.991,0.003,0.997,0.009,1770417790799,89.39
0.991,0.002,0.997,0.009,1770417800621,89.41
0.991,0.002,0.998,0.009,1770417800622,89.41
0.991,0.003,0.998,0.009,1770417841263,89.43
0.991,0.003,0.997,0.009,1770417841921,89.38
0.991,0.002,0.997,0.009,1770417845777,89.36
0.991,0.002,0.998,0.009,1770417846425,89.39
0.991,0.003,0.998,0.009,1770417847667,89.36
0.991,0.003,0.997,0.009,1770417847668,89.36
0.99,0.003,0.997,0.009,1770417865815,89.28
0.99,0.003,0.997,0.01,1770417865816,89.28
0.99,0.002,0.997,0.01,1770417868441,89.29
0.99,0.002,0.998,0.01,1770417868822,89.29
0.99,0.004,0.998,0.01,1770417869832,89.26
0.99,0.002,0.996,0.01,1770417869934,89.26
0.99,0.005,0.998,0.01,1770417870022,89.26
0.99,0.005,0.995,0.01,1770417870078,89.26
0.99,0.002,0.995,0.01,1770417870092,89.26
0.99,0.002,0.998,0.01,1770417870103,89.26
0.99,0.005,0.998,0.01,1770417870421,89.21
0.99,0.005,0.995,0.01,1770417870580,89.21
0.99,0.002,0.995,0.01,1770417872708,89.2
0.99,0.002,0.998,0.01,1770417873011,89.2
0.995,0.002,0.998,0.01,1770417873032,89.2
0.995,0.002,0.998,0.005,1770417873080,89.2
0.995,0.004,0.998,0.005,1770417874506,89.21
0.99,0.004,0.996,0.005,1770417875030,89.21
0.99,0.004,0.996,0.01,1770417875081,89.21
0.99,0.002,0.996,0.01,1770417876009,89.2
0.99,0.002,0.998,0.01,1770417876050,89.2
0.99,0.006,0.998,0.01,1770417876956,89.19
0.99,0.002,0.994,0.01,1770417877989,89.17
0.99,0.002,0.998,0.01,1770417878005,89.17
0.99,0.005,0.998,0.01,1770417878153,89.17
0.99,0.005,0.995,0.01,1770417879833,89.21
0.99,0.002,0.995,0.01,1770417883610,89.23
0.99,0.005,0.998,0.01,1770417883979,89.23
0.99,0.005,0.995,0.01,1770417884311,89.23
0.99,0.002,0.995,0.01,1770417887704,89.23
0.99,0.002,0.998,0.01,1770417888014,89.23
0.99,0.004,0.998,0.01,1770417888984,89.24
0.99,0.004,0.996,0.01,1770417888985,89.24
0.99,0.002,0.996,0.01,1770417890447,89.23
0.99,0.002,0.998,0.01,1770417890448,89.23
0.99,0.004,0.998,0.01,1770417893118,89.22
0.99,0.004,0.996,0.01,1770417895683,89.22
0.99,0.002,0.996,0.01,1770417904596,89.26
0.996,0.002,0.998,0.01,1770417905298,89.26
0.996,0.002,0.998,0.004,1770417905325,89.26
0.996,0.003,0.998,0.004,1770417906232,89.24
0.996,0.003,0.997,0.004,1770417906396,89.25
0.99,0.003,0.997,0.004,1770417906757,89.25
0.99,0.003,0.997,0.01,1770417906884,89.25
0.99,0.002,0.997,0.01,1770417908218,89.23
0.99,0.002,0.998,0.01,1770417908252,89.23
0.99,0.005,0.998,0.01,1770417908565,89.23
0.99,0.005,0.995,0.01,1770417908586,89.23
0.99,0.002,0.995,0.01,1770417911857,89.22
0.99,0.002,0.998,0.01,1770417911886,89.22
0.99,0.006,0.998,0.01,1770417912426,89.2
0.99,0.006,0.994,0.01,1770417912479,89.2
0.99,0.002,0.994,0.01,1770417915255,89.19
0.99,0.002,0.998,0.01,1770417915256,89.19
0.99,0.007,0.998,0.01,1770417915329,89.2
0.99,0.007,0.993,0.01,1770417915330,89.2
0.99,0.002,0.993,0.01,1770417916894,89.17
0.99,0.002,0.998,0.01,1770417916959,89.17
0.99,0.005,0.998,0.01,1770417924140,89.22
0.99,0.005,0.995,0.01,1770417924181,89.22
0.99,0.002,0.995,0.01,1770417928318,89.21
0.99,0.002,0.998,0.01,1770417928359,89.21
0.99,0.006,0.998,0.01,1770417929589,89.21
0.99,0.006,0.994,0.009,1770417930028,89.21
0.991,0.006,0.994,0.009,1770417930079,89.21
0.991,0.002,0.994,0.009,1770417930440,89.19
0.991,0.005,0.998,0.009,1770417931944,89.2
0.991,0.005,0.995,0.009,1770417931945,89.2
0.991,0.002,0.995,0.009,1770417933843,89.2
0.991,0.006,0.998,0.009,1770417934137,89.2
0.991,0.006,0.994,0.009,1770417934901,89.18
0.991,0.002,0.994,0.009,1770417936025,89.2
0.991,0.002,0.998,0.009,1770417936049,89.2
0.994,0.002,0.998,0.009,1770417936524,89.22
0.994,0.002,0.998,0.006,1770417936613,89.22
0.994,0.005,0.998,0.006,1770417937864,89.21
0.994,0.005,0.995,0.006,1770417937865,89.21
0.991,0.005,0.995,0.006,1770417942498,89.17
0.991,0.002,0.995,0.009,1770417943840,89.16
0.991,0.002,0.998,0.009,1770417944271,89.16
0.991,0.006,0.998,0.009,1770417947516,89.15
0.991,0.006,0.994,0.009,1770417948112,89.15
0.991,0.002,0.994,0.009,1770417949038,89.16
0.991,0.002,0.998,0.009,1770417949039,89.16
0.991,0.007,0.998,0.009,1770417951572,89.15
0.991,0.007,0.993,0.009,1770417951705,89.15
0.991,0.002,0.993,0.009,1770417957455,89.14
0.991,0.002,0.998,0.009,1770417958870,89.12
0.991,0.008,0.998,0.009,1770417961462,89.13
0.991,0.008,0.992,0.009,1770417962636,89.13
0.991,0.008,0.992,0.01,1770417963630,89.09
0.99,0.008,0.992,0.01,1770417963631,89.09
0.99,0.002,0.992,0.01,1770417963927,89.09
0.99,0.002,0.998,0.01,1770417964227,89.09
0.988,0.002,0.998,0.01,1770417964462,89.08
0.988,0.002,0.998,0.012,1770417964524,89.08
0.988,0.01,0.998,0.012,1770417966162,89.08
0.988,0.01,0.99,0.012,1770417966187,89.08
0.988,0.002,0.99,0.012,1770417966505,89.08
0.988,0.002,0.998,0.012,1770417966531,89.08
0.987,0.002,0.998,0.012,1770417966692,89.08
0.987,0.002,0.998,0.013,1770417966724,89.08
0.987,0.011,0.998,0.013,1770417967173,89.08
0.987,0.011,0.989,0.013,1770417967174,89.08
0.987,0.002,0.989,0.013,1770417967225,89.08
0.987,0.002,0.998,0.013,1770417967251,89.08
0.987,0.012,0.998,0.013,1770417967613,89.05
0.987,0.012,0.988,0.013,1770417967695,89.05
0.986,0.012,0.988,0.013,1770417967749,89.05
0.986,0.012,0.988,0.014,1770417967750,89.05
0.985,0.012,0.988,0.014,1770417967802,89.05
0.984,0.012,0.988,0.015,1770417967807,89.05
0.97,0.012,0.988,0.016,1770417967809,89.05
0.97,0.012,0.988,0.03,1770417967839,89.05
0.97,0.02,0.988,0.03,1770417967904,89.05
0.97,0.02,0.98,0.03,1770417967959,89.05
0.97,0.012,0.98,0.03,1770417968080,89.05
0.97,0.012,0.988,0.03,1770417968082,89.05
0.97,0.01,0.988,0.03,1770417968173,89.05
0.97,0.01,0.99,0.03,1770417968201,89.05
0.97,0.012,0.99,0.03,1770417968267,89.05
0.97,0.012,0.988,0.03,1770417968268,89.05
0.956,0.012,0.988,0.03,1770417968284,89.05
0.956,0.012,0.988,0.044,1770417968285,89.05
0.957,0.012,0.988,0.044,1770417968342,89.05
0.957,0.012,0.988,0.043,1770417968344,89.05
0.96,0.012,0.988,0.043,1770417968469,89.02
0.96,0.012,0.988,0.04,1770417968484,89.02
0.96,0.01,0.988,0.04,1770417968515,89.02
0.96,0.01,0.99,0.04,1770417968522,89.02
0.96,0.02,0.99,0.04,1770417968526,89.02
0.96,0.02,0.98,0.04,1770417968528,89.02
0.96,0.01,0.98,0.04,1770417968678,89.02
0.96,0.01,0.99,0.04,1770417968706,89.02
0.961,0.01,0.99,0.04,1770417968791,89.02
0.961,0.01,0.99,0.039,1770417968818,89.02
0.961,0.011,0.989,0.039,1770417968819,89.02
0.961,0.02,0.989,0.039,1770417968874,89.02
0.961,0.02,0.98,0.039,1770417968890,89.02
0.961,0.02,0.98,0.03,1770417968908,89.02
0.97,0.02,0.98,0.03,1770417968909,89.02
0.962,0.02,0.98,0.03,1770417969005,89.02
0.962,0.02,0.98,0.038,1770417969007,89.02
0.962,0.02,0.98,0.04,1770417969013,89.02
0.96,0.02,0.98,0.04,1770417969014,89.02
0.96,0.01,0.98,0.04,1770417969024,89.02
0.96,0.01,0.99,0.04,1770417969039,89.02
0.961,0.01,0.99,0.04,1770417969061,89.02
0.961,0.01,0.99,0.039,1770417969079,89.02
0.962,0.01,0.99,0.039,1770417969112,89.02
0.962,0.01,0.99,0.038,1770417969113,89.02
0.963,0.01,0.99,0.038,1770417969142,89.02
0.963,0.01,0.99,0.037,1770417969147,89.02
0.97,0.01,0.99,0.037,1770417969251,89.02
0.97,0.01,0.99,0.03,1770417969252,89.02
0.97,0.01,0.98,0.03,1770417969408,89.07
0.97,0.02,0.98,0.03,1770417969421,89.07
0.963,0.02,0.98,0.03,1770417969437,89.07
0.97,0.02,0.98,0.037,1770417969460,89.07
0.97,0.02,0.98,0.03,1770417969462,89.07
0.962,0.02,0.98,0.03,1770417969566,89.07
0.962,0.02,0.98,0.038,1770417969580,89.07
0.97,0.02,0.98,0.038,1770417969582,89.07
0.97,0.02,0.98,0.03,1770417969590,89.07
0.963,0.02,0.98,0.03,1770417969685,89.07
0.963,0.02,0.98,0.037,1770417969702,89.07
0.963,0.02,0.99,0.037,1770417969718,89.07
0.964,0.01,0.99,0.037,1770417969732,89.07
0.964,0.01,0.99,0.036,1770417969733,89.07
0.965,0.01,0.99,0.036,1770417969757,89.07
0.965,0.01,0.99,0.035,1770417969758,89.07
0.966,0.01,0.99,0.035,1770417969975,89.07
0.966,0.01,0.99,0.034,1770417969976,89.07
0.967,0.01,0.99,0.034,1770417970207,89.07
0.967,0.01,0.99,0.033,1770417970208,89.07
0.97,0.01,0.99,0.033,1770417970279,89.07
0.97,0.01,0.99,0.03,1770417970280,89.07
0.967,0.01,0.99,0.03,1770417970962,89.08
0.967,0.01,0.99,0.033,1770417970967,89.08
0.966,0.01,0.99,0.033,1770417971145,89.08
0.966,0.01,0.99,0.034,1770417971153,89.08
0.97,0.01,0.99,0.034,1770417971187,89.08
0.97,0.01,0.99,0.03,1770417971192,89.08
0.966,0.01,0.99,0.03,1770417971327,89.08
0.966,0.01,0.99,0.034,1770417971328,89.08
0.97,0.01,0.99,0.034,1770417971461,89.09
0.97,0.01,0.99,0.03,1770417971528,89.09
0.966,0.01,0.99,0.03,1770417971547,89.09
0.966,0.01,0.99,0.034,1770417971548,89.09
0.965,0.01,0.99,0.034,1770417971722,89.09
0.965,0.01,0.99,0.035,1770417971725,89.09
0.964,0.01,0.99,0.035,1770417971818,89.09
0.964,0.01,0.99,0.036,1770417971830,89.09
0.965,0.01,0.99,0.036,1770417971972,89.09
0.965,0.01,0.99,0.035,1770417971973,89.09
0.964,0.01,0.99,0.035,1770417971999,89.09
0.964,0.01,0.99,0.036,1770417972000,89.09
0.964,0.01,0.99,0.03,1770417972127,89.09
0.97,0.01,0.99,0.03,1770417972150,89.09
0.971,0.01,0.99,0.03,1770417975025,89.11
0.971,0.01,0.99,0.029,1770417975035,89.11
0.972,0.01,0.99,0.029,1770417975059,89.11
0.972,0.01,0.99,0.028,1770417975060,89.11
0.973,0.01,0.99,0.028,1770417975355,89.12
0.973,0.01,0.99,0.027,1770417975356,89.12
0.974,0.01,0.99,0.027,1770417976370,89.12
0.974,0.01,0.99,0.026,1770417976371,89.12
0.973,0.01,0.99,0.026,1770417976423,89.12
0.974,0.01,0.99,0.027,1770417976500,89.12
0.974,0.01,0.99,0.026,1770417976506,89.12
0.973,0.01,0.99,0.026,1770417976610,89.12
0.974,0.01,0.99,0.027,1770417976680,89.12
0.974,0.01,0.99,0.026,1770417976824,89.12
0.975,0.01,0.99,0.026,1770417977522,89.14
0.975,0.01,0.99,0.025,1770417977691,89.14
0.974,0.01,0.99,0.025,1770417977695,89.14
0.974,0.01,0.99,0.026,1770417977741,89.14
0.975,0.01,0.99,0.026,1770417977781,89.14
0.975,0.01,0.99,0.025,1770417977782,89.14
0.976,0.01,0.99,0.025,1770417978600,89.13
0.976,0.01,0.99,0.024,1770417978608,89.13
0.975,0.01,0.99,0.024,1770417978699,89.13
0.975,0.01,0.99,0.025,1770417978703,89.13
0.976,0.01,0.99,0.025,1770417979076,89.13
0.976,0.01,0.99,0.024,1770417979077,89.13
0.977,0.01,0.99,0.024,1770417979524,89.16
0.977,0.01,0.99,0.023,1770417979526,89.16
0.98,0.01,0.99,0.023,1770417979727,89.16
0.98,0.01,0.99,0.02,1770417979732,89.16
0.981,0.01,0.99,0.02,1770417993685,89.16
0.981,0.01,0.99,0.019,1770417993686,89.16
0.98,0.01,0.99,0.019,1770417994191,89.16
0.98,0.01,0.99,0.02,1770417994204,89.16
0.981,0.01,0.99,0.02,1770417994266,89.16
0.981,0.01,0.99,0.019,1770417994267,89.16
0.98,0.01,0.99,0.019,1770417995008,89.16
0.98,0.01,0.99,0.02,1770417995034,89.16
0.981,0.01,0.99,0.02,1770417995242,89.16
0.981,0.01,0.99,0.019,1770417995245,89.16
0.98,0.01,0.99,0.019,1770417996563,89.16
0.98,0.01,0.99,0.02,1770417996602,89.16
0.981,0.01,0.99,0.02,1770417996642,89.16
0.981,0.01,0.99,0.019,1770417996648,89.16
0.98,0.01,0.99,0.019,1770417998188,89.16
0.98,0.01,0.99,0.02,1770417998193,89.16
0.981,0.01,0.99,0.02,1770418006875,89.14
0.981,0.01,0.99,0.019,1770418006876,89.14
0.98,0.01,0.99,0.019,1770418007710,89.14
0.98,0.01,0.99,0.02,1770418007742,89.14
0.981,0.01,0.99,0.02,1770418007799,89.14
0.981,0.01,0.99,0.019,1770418007805,89.14
0.98,0.01,0.99,0.019,1770418008087,89.14
0.98,0.01,0.99,0.02,1770418008114,89.14
0.981,0.01,0.99,0.02,1770418008250,89.14
0.981,0.01,0.99,0.019,1770418008251,89.14
0.982,0.01,0.99,0.019,1770418009003,89.14
0.982,0.01,0.99,0.018,1770418009004,89.14
0.983,0.01,0.99,0.018,1770418009224,89.14
0.983,0.01,0.99,0.017,1770418009225,89.14
0.982,0.01,0.99,0.017,1770418009288,89.15
0.982,0.01,0.99,0.018,1770418009289,89.15
0.983,0.01,0.99,0.018,1770418009340,89.15
0.983,0.01,0.99,0.017,1770418009359,89.15
0.984,0.01,0.99,0.017,1770418009388,89.15
0.984,0.01,0.99,0.016,1770418009389,89.15
0.985,0.01,0.99,0.016,1770418010281,89.15
0.985,0.01,0.99,0.015,1770418010313,89.15
0.984,0.01,0.99,0.015,1770418010314,89.15
0.985,0.01,0.99,0.016,1770418010389,89.19
0.986,0.01,0.99,0.015,1770418010523,89.19
0.986,0.01,0.99,0.014,1770418010524,89.19
0.987,0.01,0.99,0.014,1770418011280,89.19
0.987,0.01,0.99,0.013,1770418011281,89.19
0.988,0.01,0.99,0.013,1770418011311,89.19
0.988,0.01,0.99,0.012,1770418011314,89.19
0.989,0.01,0.99,0.012,1770418013287,89.21
0.989,0.01,0.99,0.011,1770418013296,89.21
0.989,0.004,0.99,0.011,1770418017553,89.25
0.989,0.004,0.996,0.011,1770418017572,89.25
0.99,0.004,0.996,0.011,1770418018035,89.25
0.99,0.004,0.996,0.01,1770418018058,89.25
0.991,0.004,0.996,0.01,1770418018084,89.25
0.991,0.004,0.996,0.009,1770418018085,89.25
0.992,0.004,0.996,0.009,1770418018105,89.25
0.992,0.004,0.996,0.008,1770418018114,89.25
0.993,0.004,0.996,0.008,1770418018886,89.25
0.993,0.004,0.996,0.007,1770418018888,89.25
0.993,0.003,0.996,0.007,1770418018896,89.25
0.993,0.003,0.997,0.007,1770418018919,89.25
0.993,0.002,0.997,0.007,1770418020728,89.26
0.993,0.002,0.998,0.007,1770418020742,89.26
0.993,0.002,0.998,0.006,1770418032393,89.39
0.994,0.002,0.998,0.006,1770418033286,89.39
0.994,0.002,0.998,0.005,1770418106064,89.59
0.995,0.002,0.998,0.005,1770418106402,89.57
0.995,0.002,0.998,0.004,1770418107754,89.59
0.996,0.002,0.998,0.004,1770418108746,89.57
0.996,0.002,0.998,0.007,1770418192776,89.52
0.993,0.002,0.998,0.007,1770418192864,89.52
0.993,0.002,0.998,0.006,1770418192869,89.52
0.994,0.002,0.998,0.006,1770418192870,89.52
0.994,0.002,0.998,0.003,1770418192891,89.52
0.997,0.002,0.998,0.003,1770418193178,89.52
0.997,0.002,0.998,0.006,1770418220474,89.53
0.994,0.002,0.998,0.006,1770418220563,89.53
0.994,0.002,0.998,0.005,1770418220786,89.53
0.995,0.002,0.998,0.005,1770418221214,89.53
0.995,0.002,0.998,0.004,1770418222840,89.53
0.996,0.002,0.998,0.004,1770418223289,89.53
0.996,0.002,0.998,0.003,1770418258690,89.51
0.997,0.002,0.998,0.003,1770418258791,89.51
0.997,0.002,0.998,0.006,1770418328243,89.44
0.994,0.002,0.998,0.006,1770418328286,89.44
0.994,0.002,0.998,0.005,1770418331533,89.41
0.995,0.002,0.998,0.005,1770418331728,89.41
0.995,0.002,0.998,0.004,1770418333175,89.4
0.996,0.002,0.998,0.004,1770418333176,89.4
0.996,0.002,0.998,0.003,1770418405611,89.45
0.997,0.002,0.998,0.003,1770418405710,89.45
0.997,0.001,0.998,0.003,1770418424012,89.45
0.997,0.001,0.999,0.003,1770418424062,89.45
0.997,0.001,0.999,0.005,1770418469616,89.46
0.995,0.001,0.999,0.005,1770418469716,89.46
0.995,0.001,0.999,0.004,1770418482074,89.5
0.996,0.001,0.999,0.004,1770418482110,89.5
0.999,0.001,1.0,0.004,1770418554042,89.35
0.999,0.0,1.0,0.001,1770418554064,89.35
0.52,0.47,0.53,0.48,1770418825175,89.22
0.52,0.48,0.53,0.5,1770418828260,89.21
0.5,0.48,0.52,0.5,1770418828265,89.21
0.5,0.49,0.52,0.5,1770418828407,89.2
0.5,0.49,0.51,0.5,1770418828412,89.2
0.5,0.48,0.51,0.5,1770418828427,89.2
0.5,0.48,0.52,0.5,1770418828438,89.2
0.5,0.49,0.52,0.5,1770418830032,89.2
0.5,0.49,0.51,0.5,1770418830033,89.2
0.5,0.48,0.51,0.5,1770418830057,89.2
0.5,0.48,0.52,0.5,1770418830059,89.2
0.5,0.49,0.52,0.5,1770418830228,89.2
0.5,0.49,0.51,0.5,1770418830232,89.2
0.49,0.49,0.51,0.5,1770418830239,89.2
0.49,0.49,0.51,0.51,1770418830245,89.2
0.5,0.49,0.51,0.51,1770418830314,89.19
0.5,0.49,0.51,0.5,1770418830328,89.19
0.5,0.48,0.51,0.5,1770418830359,89.19
0.5,0.48,0.52,0.5,1770418830360,89.19
0.5,0.49,0.52,0.5,1770418831192,89.19
0.5,0.49,0.51,0.5,1770418831195,89.19
0.5,0.48,0.51,0.5,1770418831497,89.18
0.5,0.48,0.52,0.5,1770418831498,89.18
0.5,0.49,0.52,0.5,1770418831721,89.18
0.5,0.49,0.51,0.5,1770418831722,89.18
0.5,0.48,0.51,0.5,1770418832026,89.18
0.5,0.48,0.52,0.5,1770418832042,89.18
0.5,0.49,0.52,0.5,1770418832190,89.18
0.5,0.49,0.51,0.5,1770418832220,89.18
0.5,0.48,0.51,0.5,1770418832226,89.18
0.5,0.48,0.52,0.5,1770418832236,89.18
0.5,0.49,0.52,0.5,1770418833811,89.19
0.5,0.49,0.51,0.5,1770418833832,89.19
0.5,0.48,0.51,0.5,1770418833839,89.19
0.5,0.48,0.52,0.5,1770418833840,89.19
0.5,0.49,0.52,0.5,1770418833972,89.19
0.5,0.49,0.51,0.5,1770418833981,89.19
0.5,0.48,0.51,0.5,1770418834303,89.18
0.5,0.48,0.52,0.5,1770418834304,89.18
0.5,0.49,0.52,0.5,1770418834345,89.18
0.5,0.49,0.51,0.5,1770418834373,89.18
0.5,0.48,0.51,0.5,1770418834500,89.18
0.5,0.48,0.52,0.5,1770418834512,89.18
0.5,0.49,0.52,0.5,1770418834876,89.18
0.5,0.49,0.51,0.5,1770418834902,89.18
0.5,0.48,0.51,0.5,1770418836022,89.19
0.5,0.48,0.52,0.5,1770418836023,89.19
0.5,0.49,0.52,0.5,1770418836862,89.19
0.5,0.49,0.51,0.5,1770418836878,89.19
0.5,0.48,0.51,0.5,1770418837377,89.19
0.5,0.48,0.52,0.5,1770418837378,89.19
0.5,0.49,0.52,0.5,1770418837633,89.19
0.5,0.49,0.51,0.5,1770418837642,89.19
0.5,0.48,0.51,0.5,1770418838544,89.18
0.5,0.48,0.52,0.5,1770418838545,89.18
0.5,0.49,0.52,0.5,1770418838935,89.18
0.5,0.49,0.51,0.5,1770418838961,89.18
0.5,0.48,0.51,0.5,1770418839046,89.18
0.5,0.48,0.52,0.5,1770418839047,89.18
0.5,0.47,0.52,0.5,1770418839658,89.18
0.5,0.47,0.53,0.5,1770418839679,89.18
0.5,0.48,0.53,0.5,1770418839737,89.18
0.5,0.48,0.52,0.5,1770418839738,89.18
0.5,0.49,0.52,0.5,1770418839820,89.18
0.5,0.49,0.51,0.5,1770418839878,89.18
0.5,0.48,0.51,0.5,1770418840015,89.18
0.5,0.48,0.52,0.5,1770418840045,89.18
0.5,0.49,0.52,0.5,1770418841625,89.19
0.5,0.49,0.51,0.5,1770418841649,89.19
0.5,0.48,0.51,0.5,1770418841707,89.19
0.5,0.48,0.52,0.5,1770418841708,89.19
0.51,0.48,0.52,0.5,1770418842003,89.19
0.51,0.48,0.52,0.49,1770418842004,89.19
0.51,0.48,0.53,0.49,1770418842051,89.19
0.51,0.47,0.53,0.49,1770418842059,89.19
0.51,0.48,0.53,0.49,1770418842077,89.19
0.51,0.48,0.52,0.49,1770418842079,89.19
0.5,0.48,0.52,0.49,1770418842961,89.2
0.5,0.48,0.52,0.5,1770418842962,89.2
0.51,0.48,0.52,0.5,1770418843074,89.2
0.51,0.48,0.52,0.49,1770418843076,89.2
0.5,0.48,0.52,0.49,1770418843187,89.2
0.5,0.48,0.52,0.5,1770418843188,89.2
0.51,0.48,0.52,0.5,1770418843310,89.2
0.51,0.48,0.52,0.49,1770418843311,89.2
0.51,0.48,0.53,0.49,1770418843902,89.2
0.51,0.47,0.53,0.49,1770418843903,89.2
0.51,0.48,0.53,0.49,1770418843957,89.2
0.51,0.48,0.52,0.49,1770418843961,89.2
0.5,0.48,0.52,0.49,1770418845096,89.19
0.5,0.48,0.52,0.5,1770418845114,89.19
0.51,0.48,0.52,0.5,1770418845663,89.2
0.51,0.48,0.52,0.49,1770418845768,89.2
0.5,0.48,0.52,0.49,1770418845827,89.2
0.5,0.48,0.52,0.5,1770418845828,89.2
0.51,0.48,0.52,0.5,1770418846444,89.2
0.51,0.48,0.52,0.49,1770418846445,89.2
0.5,0.48,0.52,0.49,1770418846573,89.2
0.5,0.48,0.52,0.5,1770418846582,89.2
0.51,0.48,0.52,0.5,1770418846693,89.2
0.51,0.48,0.52,0.49,1770418846706,89.2
0.5,0.48,0.52,0.49,1770418846812,89.2
0.5,0.48,0.52,0.5,1770418846814,89.2
0.51,0.48,0.52,0.5,1770418848117,89.2
0.51,0.48,0.52,0.49,1770418848118,89.2
0.5,0.48,0.52,0.49,1770418848273,89.2
0.5,0.48,0.52,0.5,1770418848274,89.2
0.51,0.48,0.52,0.5,1770418848390,89.2
0.51,0.48,0.52,0.49,1770418848400,89.2
0.5,0.48,0.52,0.49,1770418848475,89.2
0.5,0.48,0.52,0.5,1770418848492,89.2
0.5,0.49,0.52,0.5,1770418852630,89.2
0.5,0.49,0.51,0.5,1770418852631,89.2
0.49,0.49,0.51,0.5,1770418853227,89.2
0.49,0.49,0.51,0.51,1770418853233,89.2
0.49,0.5,0.51,0.51,1770418853270,89.2
0.49,0.5,0.5,0.51,1770418853273,89.2
0.48,0.5,0.5,0.51,1770418854074,89.18
0.48,0.5,0.5,0.52,1770418854095,89.18
0.48,0.51,0.5,0.52,1770418854140,89.18
0.48,0.51,0.49,0.52,1770418854141,89.18
0.48,0.5,0.49,0.52,1770418854616,89.14
0.48,0.5,0.5,0.52,1770418854623,89.14
0.49,0.5,0.5,0.52,1770418854858,89.14
0.49,0.5,0.5,0.51,1770418854859,89.14
0.48,0.5,0.5,0.51,1770418855134,89.14
0.48,0.5,0.5,0.52,1770418855157,89.14
0.48,0.51,0.5,0.52,1770418855487,89.15
0.48,0.51,0.49,0.52,1770418855508,89.15
0.48,0.51,0.5,0.52,1770418857883,89.13
0.48,0.5,0.5,0.52,1770418857916,89.13
0.48,0.51,0.5,0.52,1770418857938,89.13
0.48,0.51,0.49,0.52,1770418857964,89.13
0.47,0.51,0.49,0.52,1770418887635,89.11
0.47,0.52,0.49,0.53,1770418887660,89.11
0.47,0.52,0.48,0.53,1770418887661,89.11
0.47,0.51,0.48,0.53,1770418888415,89.11
0.47,0.51,0.49,0.53,1770418888416,89.11
0.47,0.5,0.49,0.53,1770418888427,89.11
0.47,0.5,0.5,0.53,1770418888429,89.11
0.49,0.5,0.5,0.53,1770418888430,89.11
0.49,0.5,0.5,0.51,1770418888433,89.11
0.48,0.5,0.5,0.51,1770418888567,89.11
0.48,0.5,0.5,0.52,1770418888568,89.11
0.49,0.5,0.5,0.52,1770418888601,89.11
0.49,0.5,0.5,0.51,1770418888602,89.11
0.47,0.5,0.5,0.51,1770418888785,89.11
0.47,0.5,0.5,0.53,1770418888786,89.11
0.47,0.51,0.5,0.53,1770418888805,89.11
0.48,0.51,0.49,0.53,1770418888811,89.11
0.48,0.51,0.49,0.52,1770418888815,89.11
0.48,0.51,0.49,0.53,1770418888860,89.11
0.47,0.51,0.49,0.53,1770418888864,89.11
0.47,0.52,0.49,0.53,1770418888888,89.11
0.47,0.52,0.48,0.53,1770418888898,89.11
0.46,0.52,0.48,0.53,1770418889136,89.11
0.46,0.52,0.48,0.54,1770418889141,89.11
0.47,0.52,0.48,0.54,1770418889203,89.11
0.47,0.52,0.48,0.53,1770418889217,89.11
0.46,0.52,0.48,0.53,1770418889305,89.11
0.46,0.52,0.48,0.54,1770418889306,89.11
0.47,0.52,0.48,0.54,1770418889966,89.12
0.47,0.52,0.48,0.53,1770418889970,89.12
0.46,0.52,0.48,0.53,1770418890043,89.12
0.46,0.52,0.48,0.54,1770418890210,89.12
0.47,0.52,0.48,0.54,1770418890730,89.12
0.47,0.52,0.48,0.53,1770418890731,89.12
0.46,0.52,0.48,0.53,1770418890741,89.12
0.46,0.52,0.48,0.54,1770418890750,89.12
0.47,0.52,0.48,0.54,1770418891049,89.12
0.47,0.52,0.48,0.53,1770418891050,89.12
0.46,0.52,0.48,0.53,1770418891076,89.12
0.46,0.52,0.48,0.54,1770418891077,89.12
0.46,0.53,0.48,0.54,1770418891228,89.12
0.46,0.53,0.47,0.54,1770418891229,89.12
0.45,0.53,0.47,0.54,1770418905603,89.11
0.45,0.53,0.47,0.55,1770418905604,89.11
0.45,0.54,0.47,0.55,1770418905810,89.11
0.45,0.54,0.46,0.55,1770418905811,89.11
0.43,0.54,0.46,0.55,1770418907153,89.09
0.43,0.54,0.46,0.57,1770418907156,89.09
0.43,0.55,0.46,0.57,1770418907173,89.09
0.43,0.55,0.45,0.57,1770418907174,89.09
0.43,0.56,0.45,0.57,1770418907197,89.09
0.43,0.56,0.44,0.57,1770418907201,89.09
0.43,0.55,0.44,0.57,1770418907476,89.03
0.43,0.55,0.45,0.57,1770418907477,89.03
0.43,0.56,0.45,0.57,1770418907486,89.03
0.43,0.56,0.44,0.57,1770418907539,89.03
0.43,0.55,0.44,0.57,1770418907593,89.03
0.43,0.56,0.45,0.57,1770418907596,89.03
0.43,0.56,0.44,0.57,1770418907605,89.03
0.42,0.56,0.44,0.57,1770418908182,89.03
0.42,0.56,0.44,0.58,1770418908183,89.03
0.43,0.56,0.44,0.58,1770418908255,89.03
0.43,0.56,0.44,0.57,1770418908269,89.03
0.42,0.56,0.44,0.57,1770418908303,89.03
0.42,0.56,0.44,0.58,1770418908311,89.03
0.42,0.57,0.44,0.58,1770418909235,89.05
0.42,0.57,0.43,0.58,1770418909236,89.05
0.42,0.56,0.43,0.58,1770418909371,89.03
0.42,0.56,0.44,0.58,1770418909376,89.03
0.43,0.56,0.44,0.58,1770418909416,89.03
0.43,0.56,0.44,0.57,1770418909458,89.03
0.41,0.56,0.44,0.57,1770418913925,89.02
0.41,0.56,0.44,0.59,1770418913926,89.02
0.41,0.57,0.44,0.59,1770418913959,89.02
0.41,0.57,0.43,0.59,1770418913965,89.02
0.42,0.57,0.43,0.59,1770418913980,89.02
0.42,0.57,0.43,0.58,1770418913981,89.02
0.42,0.59,0.43,0.6,1770418914182,89.02
0.4,0.59,0.41,0.6,1770418914202,89.02
0.4,0.57,0.41,0.6,1770418914992,89.01
0.4,0.58,0.43,0.6,1770418914995,89.01
0.4,0.58,0.42,0.6,1770418914996,89.01
0.41,0.58,0.42,0.6,1770418915019,89.01
0.41,0.58,0.42,0.59,1770418915023,89.01
0.41,0.57,0.42,0.59,1770418917454,89.0
0.41,0.57,0.43,0.59,1770418917488,89.0
0.41,0.58,0.43,0.59,1770418917649,89.0
0.41,0.58,0.42,0.59,1770418917650,89.0
0.41,0.57,0.42,0.59,1770418917912,89.0
0.41,0.57,0.43,0.59,1770418917936,89.0
0.41,0.58,0.43,0.59,1770418917964,89.0
0.41,0.58,0.42,0.59,1770418917965,89.0
0.41,0.57,0.42,0.59,1770418918117,89.0
0.41,0.57,0.43,0.59,1770418918118,89.0
0.41,0.58,0.43,0.59,1770418918384,89.01
0.41,0.58,0.42,0.59,1770418918402,89.01
0.41,0.57,0.42,0.59,1770418918576,89.01
0.41,0.58,0.43,0.59,1770418918611,89.01
0.41,0.58,0.42,0.59,1770418918624,89.01
0.41,0.57,0.42,0.59,1770418919303,89.01
0.41,0.57,0.43,0.59,1770418919308,89.01
0.41,0.58,0.43,0.59,1770418919470,89.0
0.41,0.58,0.42,0.59,1770418919471,89.0
0.41,0.57,0.42,0.59,1770418919510,89.0
0.41,0.57,0.43,0.59,1770418919511,89.0
0.41,0.58,0.43,0.59,1770418919658,89.0
0.41,0.58,0.42,0.59,1770418919867,89.0
0.4,0.58,0.42,0.59,1770418919869,89.0
0.4,0.58,0.42,0.6,1770418919870,89.0
0.41,0.58,0.42,0.6,1770418919954,89.0
0.41,0.58,0.42,0.59,1770418919955,89.0
0.41,0.56,0.42,0.59,1770418924354,89.02
0.41,0.56,0.44,0.59,1770418924360,89.02
0.42,0.56,0.44,0.59,1770418924377,89.02
0.42,0.56,0.44,0.58,1770418924384,89.02
0.42,0.57,0.44,0.58,1770418924440,89.02
0.42,0.57,0.43,0.58,1770418924452,89.02
0.42,0.56,0.43,0.58,1770418924641,89.02
0.42,0.56,0.44,0.58,1770418924651,89.02
0.42,0.57,0.44,0.58,1770418924701,89.02
0.42,0.57,0.43,0.58,1770418924707,89.02
0.42,0.56,0.43,0.58,1770418924744,89.02
0.42,0.56,0.44,0.58,1770418924751,89.02
0.42,0.57,0.44,0.58,1770418924824,89.02
0.42,0.57,0.43,0.58,1770418924828,89.02
0.42,0.56,0.43,0.58,1770418925174,89.02
0.42,0.56,0.44,0.58,1770418925175,89.02
0.42,0.57,0.44,0.58,1770418925346,89.03
0.42,0.57,0.43,0.58,1770418925370,89.03
0.42,0.56,0.43,0.58,1770418925872,89.03
0.42,0.56,0.44,0.58,1770418925876,89.03
0.42,0.57,0.44,0.58,1770418926749,89.04
0.42,0.57,0.43,0.58,1770418926759,89.04
0.42,0.56,0.43,0.58,1770418926792,89.04
0.42,0.56,0.44,0.58,1770418926806,89.04
0.42,0.57,0.44,0.58,1770418926830,89.04
0.42,0.57,0.43,0.58,1770418926852,89.04
0.42,0.56,0.43,0.58,1770418926986,89.04
0.42,0.56,0.44,0.58,1770418926992,89.04
0.43,0.56,0.44,0.58,1770418927189,89.04
0.43,0.56,0.44,0.57,1770418927190,89.04
0.43,0.55,0.44,0.57,1770418927659,89.04
0.43,0.55,0.45,0.57,1770418927660,89.04
0.43,0.56,0.45,0.57,1770418927721,89.04
0.43,0.56,0.44,0.57,1770418927737,89.04
0.43,0.55,0.44,0.57,1770418927861,89.04
0.43,0.55,0.45,0.57,1770418927863,89.04
0.44,0.55,0.45,0.57,1770418927909,89.04
0.44,0.55,0.45,0.56,1770418927910,89.04
0.44,0.54,0.45,0.56,1770418930030,89.08
0.44,0.54,0.46,0.56,1770418930031,89.08
0.44,0.55,0.46,0.56,1770418930221,89.08
0.44,0.55,0.45,0.56,1770418930236,89.08
0.44,0.54,0.45,0.56,1770418930266,89.08
0.44,0.54,0.46,0.56,1770418930267,89.08
0.44,0.55,0.46,0.56,1770418930581,89.07
0.44,0.55,0.45,0.56,1770418930593,89.07
0.44,0.54,0.45,0.56,1770418930669,89.07
0.44,0.54,0.46,0.56,1770418930691,89.07
0.44,0.55,0.46,0.56,1770418930831,89.07
0.44,0.55,0.45,0.56,1770418930832,89.07
0.44,0.54,0.45,0.56,1770418931186,89.07
0.44,0.54,0.46,0.56,1770418931187,89.07
0.44,0.55,0.46,0.56,1770418931242,89.07
0.44,0.55,0.45,0.56,1770418931243,89.07
0.44,0.54,0.45,0.56,1770418931266,89.07
0.44,0.54,0.46,0.56,1770418931281,89.07
0.44,0.55,0.46,0.56,1770418931561,89.08
0.44,0.55,0.45,0.56,1770418931582,89.08
0.44,0.54,0.45,0.56,1770418932347,89.09
0.44,0.54,0.46,0.56,1770418932359,89.09
0.44,0.55,0.46,0.56,1770418932401,89.09
0.44,0.55,0.45,0.56,1770418932402,89.09
0.44,0.54,0.45,0.56,1770418932481,89.09
0.44,0.54,0.46,0.56,1770418932482,89.09
0.45,0.54,0.46,0.56,1770418932489,89.09
0.45,0.54,0.46,0.55,1770418932492,89.09
0.45,0.53,0.46,0.55,1770418932493,89.09
0.45,0.53,0.47,0.55,1770418932497,89.09
0.45,0.54,0.47,0.55,1770418932676,89.09
0.45,0.54,0.46,0.55,1770418932684,89.09
0.44,0.54,0.46,0.55,1770418933711,89.09
0.44,0.54,0.46,0.56,1770418933733,89.09
0.45,0.54,0.46,0.56,1770418934317,89.09
0.45,0.54,0.46,0.55,1770418934319,89.09
0.45,0.53,0.46,0.55,1770418934335,89.08
0.45,0.53,0.47,0.55,1770418934338,89.08
0.45,0.54,0.47,0.55,1770418934381,89.08
0.45,0.54,0.46,0.55,1770418934397,89.08
0.45,0.53,0.46,0.55,1770418934821,89.08
0.45,0.53,0.47,0.55,1770418934836,89.08
0.45,0.54,0.47,0.55,1770418935289,89.08
0.45,0.54,0.46,0.55,1770418935290,89.08
0.45,0.53,0.46,0.55,1770418935699,89.09
0.45,0.53,0.47,0.55,1770418935700,89.09
0.45,0.54,0.47,0.55,1770418935776,89.09
0.45,0.54,0.46,0.55,1770418935777,89.09
0.45,0.53,0.46,0.55,1770418935810,89.09
0.45,0.53,0.47,0.55,1770418935824,89.09
0.45,0.54,0.47,0.55,1770418935868,89.09
0.45,0.54,0.46,0.55,1770418935870,89.09
0.45,0.53,0.46,0.55,1770418936653,89.09
0.45,0.53,0.47,0.55,1770418936678,89.09
0.45,0.54,0.47,0.55,1770418936822,89.09
0.45,0.54,0.46,0.55,1770418936823,89.09
0.44,0.54,0.46,0.55,1770418937097,89.09
0.44,0.54,0.46,0.56,1770418937119,89.09
0.44,0.53,0.46,0.56,1770418937528,89.09
0.44,0.53,0.47,0.56,1770418937529,89.09
0.45,0.53,0.47,0.56,1770418937544,89.09
0.45,0.53,0.47,0.55,1770418937646,89.09
0.46,0.53,0.47,0.55,1770418937795,89.09
0.46,0.53,0.47,0.54,1770418937796,89.09
0.45,0.53,0.47,0.54,1770418937799,89.09
0.45,0.53,0.47,0.55,1770418937800,89.09
0.46,0.53,0.47,0.55,1770418937814,89.09
0.46,0.53,0.47,0.54,1770418937815,89.09
0.45,0.53,0.47,0.54,1770418937888,89.09
0.45,0.53,0.47,0.55,1770418937896,89.09
0.45,0.52,0.47,0.55,1770418938151,89.09
0.45,0.52,0.48,0.55,1770418938155,89.09
0.46,0.52,0.48,0.55,1770418938158,89.09
0.46,0.52,0.48,0.54,1770418938166,89.09
0.46,0.53,0.48,0.54,1770418938169,89.09
0.46,0.53,0.47,0.54,1770418938173,89.09
0.45,0.53,0.47,0.54,1770418938178,89.09
0.45,0.53,0.47,0.55,1770418938179,89.09
0.46,0.53,0.47,0.55,1770418938183,89.09
0.46,0.53,0.47,0.54,1770418938184,89.09
0.46,0.52,0.47,0.54,1770418938331,89.11
0.46,0.52,0.48,0.54,1770418938332,89.11
0.46,0.53,0.48,0.54,1770418939591,89.12
0.46,0.53,0.47,0.54,1770418939593,89.12
0.44,0.53,0.47,0.54,1770418943449,89.09
0.44,0.53,0.47,0.56,1770418943450,89.09
0.44,0.54,0.47,0.56,1770418943473,89.09
0.44,0.54,0.46,0.56,1770418943476,89.09
0.45,0.54,0.46,0.56,1770418943513,89.09
0.45,0.54,0.46,0.55,1770418943530,89.09
0.44,0.54,0.46,0.55,1770418943675,89.09
0.44,0.54,0.46,0.56,1770418943680,89.09
0.44,0.55,0.46,0.56,1770418943899,89.09
0.44,0.55,0.45,0.56,1770418943903,89.09
0.43,0.55,0.45,0.56,1770418943991,89.09
0.43,0.55,0.45,0.57,1770418943997,89.09
0.43,0.56,0.45,0.57,1770418944489,89.06
0.43,0.56,0.44,0.57,1770418944506,89.06
0.43,0.55,0.44,0.57,1770418944918,89.06
0.43,0.55,0.45,0.57,1770418944987,89.06
0.43,0.56,0.45,0.57,1770418945047,89.06
0.43,0.56,0.44,0.57,1770418945131,89.06
0.42,0.56,0.44,0.57,1770418945952,89.07
0.42,0.56,0.44,0.58,1770418945974,89.07
0.43,0.56,0.44,0.58,1770418946323,89.07
0.43,0.56,0.44,0.57,1770418946345,89.07
0.42,0.56,0.44,0.57,1770418946541,89.06
0.42,0.56,0.44,0.58,1770418946559,89.06
0.43,0.56,0.44,0.58,1770418946640,89.06
0.43,0.56,0.44,0.57,1770418946641,89.06
0.42,0.56,0.44,0.57,1770418946714,89.06
0.42,0.56,0.44,0.58,1770418946723,89.06
0.43,0.56,0.44,0.58,1770418947574,89.06
0.43,0.56,0.44,0.57,1770418947575,89.06
0.42,0.56,0.44,0.57,1770418948087,89.06
0.42,0.56,0.44,0.58,1770418948108,89.06
0.43,0.56,0.44,0.58,1770418948155,89.06
0.43,0.56,0.44,0.57,1770418948167,89.06
0.42,0.56,0.44,0.57,1770418948181,89.06
0.42,0.56,0.44,0.58,1770418948217,89.06
0.43,0.56,0.44,0.58,1770418949490,89.05
0.43,0.56,0.44,0.57,1770418949491,89.05
0.42,0.56,0.44,0.57,1770418949519,89.05
0.42,0.56,0.44,0.58,1770418949529,89.05
0.43,0.56,0.44,0.58,1770418950108,89.05
0.43,0.56,0.44,0.57,1770418950129,89.05
0.42,0.56,0.44,0.57,1770418950333,89.05
0.42,0.56,0.44,0.58,1770418950351,89.06
0.43,0.56,0.44,0.58,1770418950431,89.06
0.43,0.56,0.44,0.57,1770418950432,89.06
0.42,0.56,0.44,0.57,1770418950445,89.06
0.42,0.56,0.44,0.58,1770418950455,89.06
0.43,0.56,0.44,0.58,1770418951053,89.06
0.43,0.56,0.44,0.57,1770418951071,89.06
0.42,0.56,0.44,0.57,1770418951282,89.06
0.43,0.56,0.44,0.58,1770418951303,89.06
0.43,0.56,0.44,0.57,1770418951304,89.06
0.43,0.55,0.44,0.57,1770418951355,89.06
0.43,0.55,0.45,0.57,1770418951356,89.06
0.44,0.55,0.45,0.57,1770418951471,89.06
0.44,0.55,0.45,0.56,1770418951486,89.06
0.45,0.55,0.47,0.56,1770418953073,89.09
0.45,0.53,0.47,0.55,1770418953082,89.09
0.46,0.53,0.47,0.55,1770418953198,89.09
0.46,0.53,0.47,0.54,1770418953204,89.09
0.45,0.53,0.47,0.54,1770418953226,89.09
0.45,0.53,0.47,0.55,1770418953455,89.1
0.45,0.52,0.47,0.55,1770418953484,89.1
0.45,0.52,0.48,0.55,1770418953485,89.1
0.46,0.52,0.48,0.55,1770418953492,89.1
0.46,0.52,0.48,0.54,1770418953493,89.1
0.46,0.53,0.48,0.54,1770418953560,89.1
0.46,0.52,0.47,0.54,1770418953610,89.1
0.46,0.52,0.48,0.54,1770418953623,89.1
0.47,0.52,0.48,0.54,1770418953922,89.1
0.47,0.52,0.48,0.53,1770418953923,89.1
0.47,0.51,0.48,0.53,1770418954220,89.1
0.47,0.51,0.49,0.53,1770418954221,89.1
0.48,0.51,0.49,0.53,1770418954300,89.1
0.48,0.51,0.49,0.52,1770418954301,89.1
0.47,0.51,0.49,0.52,1770418954323,89.15
0.47,0.51,0.49,0.53,1770418954325,89.15
0.48,0.51,0.49,0.53,1770418954347,89.15
0.48,0.51,0.49,0.52,1770418954348,89.15
0.48,0.5,0.49,0.52,1770418956339,89.16
0.48,0.5,0.5,0.52,1770418956341,89.16
0.48,0.51,0.5,0.52,1770418956404,89.16
0.48,0.51,0.49,0.52,1770418956405,89.16
0.48,0.5,0.49,0.52,1770418956440,89.16
0.48,0.5,0.5,0.52,1770418956452,89.16
0.48,0.51,0.5,0.52,1770418956479,89.16
0.48,0.51,0.49,0.52,1770418956480,89.16
0.48,0.5,0.49,0.52,1770418956529,89.16
0.48,0.5,0.5,0.52,1770418956541,89.16
0.48,0.51,0.5,0.52,1770418956571,89.16
0.48,0.51,0.49,0.52,1770418956680,89.16
0.48,0.5,0.49,0.52,1770418958090,89.17
0.48,0.5,0.5,0.52,1770418958102,89.17
0.49,0.5,0.5,0.52,1770418958116,89.17
0.49,0.5,0.5,0.51,1770418958120,89.17
0.49,0.49,0.5,0.51,1770418958751,89.19
0.49,0.49,0.51,0.51,1770418958752,89.19
0.5,0.49,0.51,0.51,1770418958783,89.19
0.5,0.49,0.51,0.5,1770418958788,89.19
0.5,0.48,0.51,0.5,1770418958874,89.19
0.5,0.48,0.52,0.5,1770418958884,89.19
0.51,0.48,0.52,0.5,1770418959113,89.19
0.51,0.48,0.52,0.49,1770418959127,89.19
0.5,0.48,0.52,0.49,1770418962345,89.21
0.5,0.48,0.52,0.5,1770418962348,89.21
0.5,0.49,0.52,0.5,1770418962368,89.21
0.5,0.49,0.51,0.5,1770418962373,89.21
0.49,0.49,0.51,0.5,1770418962873,89.21
0.49,0.49,0.51,0.51,1770418962883,89.21
0.49,0.5,0.51,0.51,1770418962916,89.21
0.49,0.5,0.5,0.51,1770418962918,89.21
0.48,0.5,0.5,0.51,1770418963105,89.21
0.48,0.51,0.5,0.52,1770418963107,89.21
0.48,0.51,0.49,0.52,1770418963108,89.21
0.47,0.51,0.49,0.52,1770418964097,89.15
0.47,0.51,0.49,0.53,1770418964098,89.15
0.48,0.51,0.49,0.53,1770418964611,89.15
0.48,0.51,0.49,0.52,1770418964619,89.15
0.47,0.51,0.49,0.52,1770418964631,89.15
0.47,0.51,0.49,0.53,1770418964633,89.15
0.48,0.51,0.49,0.53,1770418965160,89.15
0.48,0.51,0.49,0.52,1770418965161,89.15
0.48,0.5,0.49,0.52,1770418967462,89.18
0.48,0.5,0.5,0.52,1770418967482,89.18
0.49,0.5,0.5,0.52,1770418967486,89.18
0.49,0.5,0.5,0.51,1770418967491,89.18
0.49,0.49,0.5,0.51,1770418967541,89.18
0.49,0.49,0.51,0.51,1770418967542,89.18
0.49,0.5,0.51,0.51,1770418967881,89.18
0.49,0.5,0.5,0.51,1770418967889,89.18
0.49,0.49,0.5,0.51,1770418968129,89.18
0.49,0.49,0.51,0.51,1770418968130,89.18
0.49,0.5,0.51,0.51,1770418968247,89.18
0.49,0.5,0.5,0.51,1770418968257,89.18
0.48,0.5,0.5,0.51,1770418968693,89.18
0.48,0.5,0.5,0.52,1770418968694,89.18
0.49,0.5,0.5,0.52,1770418969037,89.18
0.49,0.5,0.5,0.51,1770418969038,89.18
0.49,0.49,0.5,0.51,1770418969530,89.16
0.49,0.49,0.51,0.51,1770418969531,89.16
0.5,0.49,0.51,0.51,1770418969592,89.16
0.5,0.49,0.51,0.5,1770418969593,89.16
0.5,0.48,0.51,0.5,1770418969951,89.16
0.5,0.48,0.52,0.5,1770418969952,89.16
0.51,0.48,0.52,0.5,1770418970123,89.16
0.51,0.48,0.52,0.49,1770418970124,89.16
0.5,0.48,0.52,0.49,1770418970576,89.21
0.5,0.48,0.52,0.5,1770418970577,89.21
0.5,0.49,0.52,0.5,1770418970604,89.21
0.5,0.49,0.51,0.5,1770418970623,89.21
0.5,0.48,0.51,0.5,1770418970624,89.21
0.5,0.48,0.52,0.5,1770418970631,89.21
0.5,0.49,0.52,0.5,1770418971288,89.21
0.5,0.49,0.51,0.5,1770418971304,89.21
0.5,0.48,0.51,0.5,1770418974771,89.2
0.5,0.48,0.52,0.5,1770418974772,89.2
0.51,0.48,0.52,0.5,1770418974802,89.2
0.51,0.48,0.52,0.49,1770418974803,89.2
0.52,0.48,0.53,0.49,1770418975112,89.2
0.52,0.47,0.53,0.48,1770418975138,89.2
0.52,0.46,0.53,0.47,1770418975173,89.2
0.53,0.46,0.54,0.47,1770418975183,89.2
0.53,0.46,0.54,0.48,1770418975242,89.2
0.52,0.46,0.54,0.48,1770418975259,89.2
0.53,0.46,0.54,0.48,1770418975289,89.2
0.53,0.46,0.54,0.47,1770418975290,89.2
0.53,0.45,0.54,0.47,1770418976184,89.25
0.53,0.45,0.55,0.47,1770418976185,89.25
0.54,0.45,0.55,0.47,1770418976228,89.25
0.54,0.45,0.55,0.46,1770418976256,89.25
0.53,0.45,0.55,0.46,1770418976269,89.25
0.54,0.45,0.55,0.47,1770418976270,89.25
0.54,0.45,0.55,0.46,1770418976271,89.25
0.54,0.45,0.56,0.46,1770418976698,89.25
0.54,0.44,0.56,0.46,1770418976706,89.25
0.55,0.44,0.56,0.46,1770418976748,89.25
0.55,0.44,0.56,0.45,1770418976749,89.25
0.55,0.43,0.56,0.45,1770418977203,89.25
0.55,0.43,0.57,0.45,1770418977213,89.25
0.56,0.43,0.57,0.45,1770418977250,89.25
0.56,0.43,0.57,0.44,1770418977251,89.25
0.56,0.42,0.57,0.44,1770418977647,89.29
0.56,0.42,0.58,0.44,1770418977648,89.29
0.57,0.42,0.58,0.44,1770418977701,89.29
0.57,0.42,0.58,0.43,1770418977702,89.29
0.56,0.42,0.58,0.43,1770418978627,89.32
0.56,0.42,0.58,0.44,1770418978628,89.32
0.56,0.42,0.57,0.44,1770418978662,89.32
0.56,0.43,0.57,0.44,1770418978680,89.32
0.55,0.43,0.57,0.44,1770418978723,89.32
0.55,0.43,0.57,0.45,1770418978724,89.32
0.55,0.44,0.57,0.45,1770418978746,89.32
0.55,0.44,0.56,0.45,1770418978747,89.32
0.55,0.43,0.56,0.45,1770418979592,89.3
0.55,0.43,0.57,0.45,1770418979593,89.3
0.55,0.44,0.57,0.45,1770418979647,89.3
0.55,0.44,0.56,0.45,1770418979652,89.3
0.55,0.43,0.56,0.45,1770418983666,89.28
0.55,0.43,0.57,0.45,1770418983667,89.28
0.55,0.44,0.57,0.45,1770418983672,89.28
0.55,0.44,0.56,0.45,1770418983676,89.28
0.52,0.44,0.56,0.45,1770418984147,89.28
0.51,0.44,0.56,0.48,1770418984149,89.28
0.51,0.44,0.56,0.49,1770418984160,89.28
0.51,0.45,0.56,0.49,1770418984171,89.28
0.51,0.45,0.55,0.49,1770418984180,89.28
0.51,0.46,0.55,0.49,1770418984216,89.28
0.51,0.47,0.53,0.49,1770418984247,89.28
0.51,0.48,0.53,0.49,1770418984365,89.23
0.51,0.48,0.52,0.49,1770418984366,89.23
0.5,0.48,0.52,0.49,1770418984392,89.23
0.5,0.48,0.52,0.5,1770418984395,89.23
0.5,0.49,0.52,0.5,1770418984504,89.23
0.5,0.49,0.51,0.5,1770418984506,89.23
0.49,0.49,0.51,0.5,1770418984573,89.23
0.49,0.49,0.51,0.51,1770418984574,89.23
0.49,0.5,0.51,0.51,1770418984804,89.23
0.49,0.5,0.5,0.51,1770418984816,89.23
0.49,0.49,0.5,0.51,1770418984846,89.23
0.49,0.49,0.51,0.51,1770418984848,89.23
0.49,0.5,0.51,0.51,1770418985040,89.23
0.49,0.5,0.5,0.51,1770418985052,89.23
0.48,0.5,0.5,0.51,1770418985188,89.23
0.48,0.5,0.5,0.52,1770418985189,89.23
0.48,0.51,0.5,0.52,1770418985386,89.17
0.48,0.51,0.49,0.52,1770418985424,89.17
0.48,0.5,0.49,0.52,1770418985493,89.17
0.48,0.5,0.5,0.52,1770418985506,89.17
0.48,0.51,0.5,0.52,1770418985545,89.17
0.48,0.51,0.49,0.52,1770418985553,89.17
0.48,0.5,0.49,0.52,1770418985894,89.17
0.48,0.51,0.5,0.52,1770418985896,89.17
0.48,0.51,0.49,0.52,1770418985906,89.17
0.48,0.5,0.49,0.52,1770418986010,89.17
0.48,0.51,0.5,0.52,1770418986018,89.17
0.48,0.51,0.49,0.52,1770418986021,89.17
0.48,0.5,0.49,0.52,1770418986036,89.17
0.48,0.5,0.5,0.52,1770418986141,89.17
0.48,0.51,0.5,0.52,1770418986159,89.17
0.48,0.51,0.49,0.52,1770418986184,89.17
0.48,0.5,0.49,0.52,1770418986274,89.17
0.48,0.5,0.5,0.52,1770418986275,89.17
0.49,0.5,0.5,0.52,1770418986295,89.17
0.49,0.5,0.5,0.51,1770418986296,89.17
0.48,0.5,0.5,0.51,1770418986457,89.17
0.48,0.5,0.5,0.52,1770418986458,89.17
0.48,0.51,0.5,0.52,1770418986495,89.17
0.48,0.51,0.49,0.52,1770418986502,89.17
0.48,0.5,0.49,0.52,1770418987218,89.17
0.48,0.51,0.49,0.52,1770418987219,89.17
0.48,0.5,0.49,0.52,1770418987244,89.17
0.48,0.5,0.5,0.52,1770418987246,89.17
0.49,0.5,0.5,0.52,1770418987272,89.17
0.49,0.5,0.5,0.51,1770418987273,89.17
0.48,0.5,0.5,0.51,1770418987293,89.17
0.48,0.5,0.5,0.52,1770418987321,89.14
0.49,0.5,0.5,0.52,1770418987431,89.14
0.49,0.49,0.51,0.51,1770418987432,89.14
0.5,0.49,0.51,0.51,1770418987453,89.14
0.5,0.49,0.51,0.5,1770418987457,89.14
0.5,0.48,0.51,0.5,1770418987471,89.14
0.5,0.48,0.52,0.5,1770418987473,89.14
0.51,0.48,0.52,0.5,1770418987494,89.14
0.51,0.48,0.52,0.49,1770418987496,89.14
0.51,0.47,0.52,0.49,1770418987640,89.14
0.51,0.47,0.53,0.49,1770418987679,89.14
0.51,0.48,0.53,0.49,1770418987681,89.14
0.51,0.48,0.52,0.49,1770418987697,89.14
0.51,0.47,0.52,0.49,1770418987722,89.14
0.51,0.47,0.53,0.49,1770418987729,89.14
0.51,0.48,0.53,0.49,1770418987757,89.14
0.51,0.48,0.52,0.49,1770418987785,89.14
0.5,0.48,0.52,0.49,1770418987848,89.14
0.5,0.48,0.52,0.5,1770418987860,89.14
0.51,0.48,0.52,0.5,1770418987994,89.14
0.51,0.48,0.52,0.49,1770418987995,89.14
0.51,0.47,0.52,0.49,1770418988537,89.21
0.51,0.47,0.53,0.49,1770418988538,89.21
0.52,0.47,0.53,0.49,1770418988593,89.21
0.52,0.47,0.53,0.48,1770418988606,89.21
0.51,0.47,0.53,0.48,1770418988638,89.21
0.51,0.47,0.53,0.49,1770418988718,89.21
0.52,0.47,0.53,0.48,1770418988719,89.21
0.52,0.46,0.53,0.48,1770418988830,89.21
0.52,0.46,0.54,0.48,1770418988831,89.21
0.53,0.46,0.54,0.48,1770418989054,89.21
0.53,0.46,0.54,0.47,1770418989056,89.21
0.52,0.46,0.54,0.47,1770418989104,89.21
0.53,0.46,0.54,0.48,1770418989107,89.21
0.53,0.46,0.54,0.47,1770418989126,89.21
0.53,0.45,0.54,0.47,1770418989278,89.21
0.53,0.45,0.55,0.47,1770418989279,89.21
0.53,0.46,0.55,0.47,1770418989310,89.25
0.53,0.46,0.54,0.47,1770418989311,89.25
0.51,0.46,0.54,0.47,1770418989679,89.25
0.51,0.46,0.54,0.49,1770418989705,89.25
0.51,0.47,0.54,0.49,1770418989708,89.25
0.51,0.47,0.53,0.49,1770418989709,89.25
0.52,0.47,0.53,0.49,1770418989716,89.25
0.52,0.47,0.53,0.48,1770418989722,89.25
0.51,0.47,0.53,0.48,1770418989879,89.25
0.51,0.47,0.53,0.49,1770418989898,89.25
0.52,0.47,0.53,0.49,1770418990075,89.25
0.52,0.47,0.53,0.48,1770418990117,89.25
0.51,0.47,0.53,0.48,1770418990213,89.25
0.51,0.47,0.53,0.49,1770418990269,89.25
0.51,0.48,0.53,0.49,1770418990516,89.23
0.51,0.48,0.52,0.49,1770418990517,89.23
0.5,0.48,0.52,0.49,1770418991009,89.23
0.5,0.48,0.52,0.5,1770418991010,89.23
0.5,0.49,0.52,0.5,1770418991052,89.23
0.5,0.49,0.51,0.5,1770418991059,89.23
0.5,0.48,0.51,0.5,1770418991743,89.21
0.5,0.48,0.52,0.5,1770418991748,89.21
0.51,0.48,0.52,0.5,1770418991771,89.21
0.51,0.48,0.52,0.49,1770418991772,89.21
0.51,0.47,0.52,0.49,1770418991836,89.21
0.51,0.47,0.53,0.49,1770418991837,89.21
0.52,0.47,0.53,0.49,1770418991862,89.21
0.52,0.47,0.53,0.48,1770418991863,89.21
0.52,0.46,0.53,0.48,1770418992087,89.21
0.52,0.46,0.54,0.48,1770418992091,89.21
0.52,0.47,0.54,0.48,1770418992278,89.21
0.52,0.47,0.53,0.48,1770418992287,89.21
0.52,0.46,0.53,0.48,1770418992323,89.21
0.52,0.46,0.54,0.48,1770418992345,89.25
0.52,0.47,0.54,0.48,1770418993537,89.25
0.52,0.47,0.53,0.48,1770418993562,89.25
0.52,0.46,0.53,0.48,1770418993885,89.25
0.52,0.46,0.54,0.48,1770418993887,89.25
0.53,0.46,0.54,0.48,1770418993930,89.25
0.53,0.46,0.54,0.47,1770418993973,89.25
0.52,0.46,0.54,0.47,1770418993989,89.25
0.52,0.46,0.54,0.48,1770418993993,89.25
0.53,0.46,0.54,0.48,1770418994019,89.25
0.53,0.46,0.54,0.47,1770418994022,89.25
0.53,0.45,0.54,0.47,1770418994292,89.26
0.53,0.45,0.55,0.47,1770418994294,89.26
0.54,0.45,0.55,0.47,1770418994436,89.26
0.54,0.45,0.55,0.46,1770418994484,89.26
0.54,0.44,0.55,0.46,1770418995005,89.26
0.54,0.44,0.56,0.46,1770418995013,89.26
0.54,0.45,0.56,0.46,1770418995081,89.26
0.54,0.45,0.55,0.46,1770418995083,89.26
0.54,0.44,0.55,0.46,1770418995513,89.29
0.54,0.44,0.56,0.46,1770418995514,89.29
0.54,0.45,0.56,0.46,1770418995576,89.29
0.54,0.45,0.55,0.46,1770418995579,89.29
0.54,0.44,0.55,0.46,1770418996886,89.27
0.54,0.44,0.56,0.46,1770418996887,89.27
0.55,0.44,0.56,0.46,1770418996905,89.27
0.55,0.44,0.56,0.45,1770418996921,89.27
0.55,0.43,0.56,0.45,1770418996922,89.27
0.55,0.43,0.57,0.45,1770418996923,89.27
0.56,0.43,0.57,0.45,1770418997011,89.27
0.56,0.43,0.57,0.44,1770418997013,89.27
0.55,0.43,0.57,0.44,1770418997142,89.27
0.55,0.43,0.57,0.45,1770418997145,89.27
0.56,0.43,0.57,0.45,1770418997182,89.27
0.56,0.43,0.57,0.44,1770418997197,89.27
0.55,0.43,0.57,0.44,1770418997217,89.27
0.55,0.43,0.57,0.45,1770418997218,89.27
0.55,0.44,0.57,0.45,1770418997246,89.27
0.55,0.44,0.56,0.45,1770418997257,89.27
0.55,0.43,0.56,0.45,1770418997445,89.32
0.55,0.43,0.57,0.45,1770418997447,89.32
0.54,0.43,0.57,0.45,1770418997482,89.32
0.54,0.43,0.57,0.46,1770418997483,89.32
0.54,0.44,0.57,0.46,1770418997516,89.32
0.54,0.44,0.56,0.46,1770418997517,89.32
0.55,0.44,0.56,0.46,1770418997530,89.32
0.55,0.44,0.56,0.45,1770418997541,89.32
0.54,0.44,0.56,0.45,1770418997623,89.32
0.54,0.44,0.56,0.46,1770418997624,89.32
0.54,0.45,0.56,0.46,1770418997781,89.32
0.54,0.45,0.55,0.46,1770418997782,89.32
0.53,0.45,0.55,0.46,1770418998261,89.32
0.53,0.45,0.55,0.47,1770418998262,89.32
0.54,0.45,0.55,0.47,1770418998416,89.26
0.54,0.45,0.55,0.46,1770418998417,89.26
0.54,0.45,0.56,0.46,1770418998543,89.26
0.54,0.44,0.56,0.46,1770418998562,89.26
0.55,0.44,0.56,0.46,1770418999129,89.26
0.55,0.44,0.56,0.45,1770418999130,89.26
0.54,0.44,0.56,0.45,1770419000023,89.29
0.54,0.44,0.56,0.46,1770419000041,89.29
0.54,0.45,0.56,0.46,1770419000043,89.29
0.54,0.45,0.55,0.46,1770419000044,89.29
0.54,0.44,0.55,0.46,1770419000174,89.29
0.54,0.44,0.56,0.46,1770419000175,89.29
0.54,0.45,0.56,0.46,1770419000547,89.28
0.54,0.45,0.55,0.46,1770419000579,89.28
0.54,0.44,0.55,0.46,1770419000783,89.28
0.54,0.44,0.56,0.46,1770419000826,89.28
0.55,0.44,0.56,0.46,1770419000933,89.28
0.55,0.44,0.56,0.45,1770419000974,89.28
0.54,0.44,0.56,0.45,1770419000984,89.28
0.54,0.44,0.56,0.46,1770419001014,89.28
0.54,0.45,0.56,0.46,1770419001225,89.28
0.54,0.45,0.55,0.46,1770419001226,89.28
0.54,0.43,0.55,0.46,1770419001265,89.28
0.54,0.43,0.57,0.46,1770419001281,89.28
0.54,0.44,0.57,0.46,1770419001305,89.28
0.54,0.44,0.56,0.46,1770419001306,89.28
0.54,0.45,0.56,0.46,1770419001331,89.28
0.54,0.45,0.55,0.46,1770419001398,89.29
0.54,0.44,0.55,0.46,1770419001751,89.29
0.54,0.44,0.56,0.46,1770419001752,89.29
0.54,0.45,0.56,0.46,1770419001753,89.29
0.54,0.45,0.55,0.46,1770419001754,89.29
0.54,0.43,0.55,0.46,1770419001809,89.29
0.54,0.43,0.57,0.46,1770419001817,89.29
0.55,0.43,0.57,0.46,1770419001865,89.29
0.55,0.43,0.57,0.45,1770419001869,89.29
0.56,0.43,0.57,0.45,1770419001898,89.29
0.56,0.43,0.57,0.44,1770419001899,89.29
0.55,0.43,0.57,0.44,1770419001953,89.29
0.55,0.43,0.57,0.45,1770419001957,89.29
0.56,0.43,0.57,0.45,1770419001992,89.29
0.56,0.43,0.57,0.44,1770419001996,89.29
0.55,0.43,0.57,0.44,1770419002087,89.29
0.55,0.43,0.57,0.45,1770419002088,89.29
0.56,0.43,0.57,0.45,1770419002110,89.29
0.56,0.43,0.57,0.44,1770419002111,89.29
0.55,0.43,0.57,0.44,1770419002202,89.29
0.56,0.43,0.57,0.45,1770419002212,89.29
0.56,0.43,0.57,0.44,1770419002222,89.29
0.55,0.43,0.57,0.44,1770419002470,89.33
0.55,0.43,0.57,0.45,1770419002477,89.33
0.56,0.43,0.57,0.45,1770419002500,89.33
0.56,0.43,0.57,0.44,1770419002509,89.33
0.55,0.43,0.57,0.44,1770419002591,89.33
0.55,0.43,0.57,0.45,1770419002600,89.33
0.56,0.43,0.57,0.45,1770419002605,89.33
0.56,0.43,0.57,0.44,1770419002626,89.33
0.55,0.43,0.57,0.44,1770419002703,89.33
0.55,0.43,0.57,0.45,1770419002725,89.33
0.56,0.43,0.57,0.45,1770419002938,89.33
0.56,0.43,0.57,0.44,1770419002940,89.33
0.56,0.43,0.58,0.44,1770419004456,89.31
0.56,0.42,0.58,0.44,1770419004457,89.31
0.57,0.42,0.58,0.44,1770419004505,89.31
0.57,0.42,0.58,0.43,1770419004509,89.31
0.56,0.42,0.58,0.43,1770419005212,89.31
0.56,0.42,0.58,0.44,1770419005213,89.31
0.56,0.43,0.58,0.44,1770419005219,89.31
0.56,0.43,0.57,0.44,1770419005224,89.31
0.55,0.43,0.57,0.44,1770419005665,89.34
0.55,0.43,0.57,0.45,1770419005671,89.34
0.55,0.44,0.57,0.45,1770419005688,89.34
0.55,0.44,0.56,0.45,1770419005689,89.34
0.55,0.43,0.56,0.45,1770419006256,89.34
0.55,0.43,0.57,0.45,1770419006260,89.34
0.55,0.44,0.57,0.45,1770419006324,89.3
0.55,0.44,0.56,0.45,1770419006498,89.3
0.55,0.44,0.57,0.45,1770419007976,89.3
0.55,0.43,0.57,0.45,1770419007980,89.3
0.56,0.43,0.57,0.45,1770419008129,89.3
0.56,0.43,0.57,0.44,1770419008148,89.3
0.55,0.43,0.57,0.44,1770419008458,89.3
0.55,0.43,0.57,0.45,1770419008459,89.3
0.56,0.43,0.57,0.45,1770419008534,89.3
0.56,0.43,0.57,0.44,1770419008535,89.3
0.55,0.43,0.57,0.44,1770419008622,89.3
0.55,0.43,0.57,0.45,1770419008632,89.3
0.56,0.43,0.57,0.45,1770419008684,89.3
0.56,0.43,0.57,0.44,1770419008689,89.3
0.56,0.43,0.59,0.44,1770419011144,89.32
0.56,0.41,0.59,0.44,1770419011145,89.32
0.58,0.41,0.59,0.44,1770419011170,89.32
0.58,0.41,0.59,0.42,1770419011171,89.32
0.58,0.4,0.59,0.42,1770419011701,89.38
0.58,0.4,0.6,0.42,1770419011703,89.38
0.59,0.4,0.6,0.42,1770419011762,89.38
0.59,0.4,0.6,0.41,1770419011794,89.38
0.59,0.39,0.6,0.41,1770419014844,89.37
0.59,0.39,0.61,0.41,1770419014845,89.37
0.59,0.4,0.61,0.41,1770419014921,89.37
0.59,0.4,0.6,0.41,1770419014922,89.37
0.58,0.4,0.6,0.41,1770419019658,89.36
0.58,0.4,0.59,0.42,1770419019679,89.36
0.58,0.41,0.59,0.42,1770419019680,89.36
0.57,0.41,0.59,0.42,1770419020413,89.34
0.57,0.41,0.59,0.43,1770419020416,89.34
0.57,0.42,0.59,0.43,1770419020464,89.34
0.57,0.42,0.58,0.43,1770419020465,89.34
0.56,0.42,0.58,0.43,1770419021248,89.34
0.56,0.42,0.58,0.44,1770419021279,89.34
0.56,0.43,0.58,0.44,1770419021292,89.34
0.56,0.43,0.57,0.44,1770419021298,89.34
0.56,0.42,0.57,0.44,1770419021299,89.34
0.56,0.42,0.58,0.44,1770419021300,89.34
0.56,0.43,0.57,0.44,1770419021302,89.34
0.56,0.42,0.57,0.44,1770419021362,89.32
0.57,0.42,0.58,0.43,1770419021364,89.32
0.57,0.42,0.59,0.43,1770419021512,89.32
0.57,0.41,0.59,0.43,1770419021525,89.32
0.58,0.41,0.59,0.43,1770419021559,89.32
0.58,0.41,0.59,0.42,1770419021560,89.32
0.57,0.41,0.59,0.42,1770419021679,89.32
0.57,0.41,0.59,0.43,1770419021681,89.32
0.56,0.41,0.57,0.43,1770419022091,89.32
0.56,0.43,0.57,0.44,1770419022113,89.32
0.56,0.42,0.57,0.44,1770419023558,89.33
0.56,0.42,0.58,0.44,1770419023576,89.33
0.57,0.42,0.58,0.44,1770419024130,89.33
0.57,0.42,0.58,0.43,1770419024131,89.33
0.57,0.41,0.58,0.43,1770419024239,89.33
0.57,0.41,0.59,0.43,1770419024240,89.33
0.58,0.41,0.59,0.43,1770419024278,89.33
0.58,0.41,0.59,0.42,1770419024279,89.33
0.58,0.4,0.59,0.42,1770419024318,89.33
0.58,0.4,0.6,0.42,1770419024319,89.33
0.59,0.4,0.6,0.42,1770419024355,89.33
0.59,0.4,0.6,0.41,1770419024358,89.33
0.59,0.39,0.6,0.41,1770419024408,89.33
0.59,0.39,0.61,0.41,1770419024423,89.33
0.59,0.38,0.61,0.41,1770419024539,89.33
0.59,0.38,0.62,0.41,1770419024540,89.33
0.6,0.38,0.62,0.41,1770419024553,89.33
0.6,0.38,0.62,0.4,1770419024560,89.33
0.59,0.38,0.62,0.4,1770419024590,89.33
0.59,0.39,0.62,0.41,1770419024591,89.33
0.59,0.39,0.61,0.41,1770419024597,89.33
0.59,0.38,0.61,0.41,1770419024781,89.33
0.59,0.38,0.62,0.41,1770419024784,89.33
0.6,0.38,0.62,0.41,1770419024793,89.33
0.6,0.38,0.62,0.4,1770419024806,89.33
0.6,0.37,0.62,0.4,1770419024910,89.33
0.6,0.37,0.63,0.4,1770419024911,89.33
0.61,0.37,0.63,0.4,1770419024950,89.33
0.61,0.37,0.63,0.39,1770419024951,89.33
0.6,0.37,0.63,0.39,1770419025023,89.33
0.6,0.38,0.63,0.4,1770419025033,89.33
0.6,0.38,0.62,0.4,1770419025064,89.33
0.61,0.37,0.62,0.39,1770419025066,89.33
0.61,0.37,0.63,0.39,1770419025078,89.33
0.6,0.37,0.63,0.39,1770419025093,89.33
0.6,0.38,0.63,0.4,1770419025105,89.33
0.6,0.38,0.62,0.4,1770419025118,89.33
0.6,0.39,0.62,0.4,1770419026228,89.4
0.6,0.39,0.61,0.4,1770419026280,89.4
0.6,0.38,0.61,0.4,1770419026340,89.4
0.6,0.38,0.62,0.4,1770419026348,89.4
0.6,0.39,0.62,0.4,1770419026372,89.4
0.6,0.39,0.61,0.4,1770419026483,89.4
0.6,0.38,0.61,0.4,1770419027493,89.4
0.6,0.38,0.62,0.4,1770419027496,89.4
0.61,0.38,0.62,0.4,1770419027556,89.4
0.61,0.38,0.62,0.39,1770419027582,89.4
0.61,0.37,0.62,0.39,1770419027630,89.4
0.61,0.37,0.63,0.39,1770419027631,89.4
0.61,0.38,0.63,0.39,1770419027669,89.4
0.61,0.38,0.62,0.39,1770419027670,89.4
0.6,0.38,0.62,0.39,1770419027685,89.4
0.6,0.38,0.62,0.4,1770419027686,89.4
0.6,0.37,0.62,0.4,1770419027797,89.4
0.6,0.37,0.63,0.4,1770419027801,89.4
0.6,0.38,0.63,0.4,1770419027807,89.4
0.6,0.38,0.62,0.4,1770419027808,89.4
0.61,0.38,0.62,0.4,1770419027870,89.4
0.61,0.38,0.62,0.39,1770419027872,89.4
0.61,0.37,0.62,0.39,1770419027931,89.4
0.61,0.37,0.63,0.39,1770419027932,89.4
0.61,0.38,0.63,0.39,1770419027978,89.4
0.61,0.38,0.62,0.39,1770419027985,89.4
0.61,0.37,0.62,0.39,1770419028425,89.42
0.61,0.37,0.63,0.39,1770419028427,89.42
0.61,0.38,0.63,0.39,1770419028450,89.42
0.61,0.38,0.62,0.39,1770419028453,89.42
0.61,0.37,0.62,0.39,1770419028582,89.42
0.61,0.37,0.63,0.39,1770419028583,89.42
0.61,0.38,0.63,0.39,1770419028610,89.42
0.61,0.38,0.62,0.39,1770419028653,89.42
0.61,0.37,0.62,0.39,1770419031292,89.39
0.61,0.37,0.63,0.39,1770419031331,89.41
0.61,0.38,0.63,0.39,1770419031967,89.41
0.61,0.38,0.62,0.39,1770419032035,89.41
0.61,0.37,0.62,0.39,1770419032080,89.41
0.61,0.37,0.63,0.39,1770419032081,89.41
0.61,0.38,0.63,0.39,1770419032221,89.41
0.61,0.38,0.62,0.39,1770419032229,89.41
0.61,0.37,0.62,0.39,1770419032325,89.42
0.61,0.37,0.63,0.39,1770419032333,89.42
0.61,0.38,0.63,0.39,1770419032393,89.42
0.61,0.38,0.62,0.39,1770419032503,89.42
0.61,0.37,0.62,0.39,1770419033375,89.43
0.61,0.37,0.63,0.39,1770419033376,89.43
0.61,0.38,0.63,0.39,1770419033480,89.43
0.61,0.38,0.62,0.39,1770419033481,89.43
0.61,0.37,0.62,0.39,1770419033578,89.43
0.61,0.37,0.63,0.39,1770419033579,89.43
0.62,0.37,0.63,0.39,1770419033714,89.43
0.62,0.37,0.63,0.38,1770419033731,89.43
0.61,0.37,0.63,0.38,1770419033747,89.43
0.61,0.37,0.63,0.39,1770419033756,89.43
0.62,0.37,0.63,0.39,1770419033784,89.43
0.62,0.37,0.63,0.38,1770419033792,89.43
0.61,0.37,0.63,0.38,1770419033981,89.43
0.61,0.37,0.63,0.39,1770419033982,89.43
0.62,0.37,0.63,0.39,1770419034090,89.43
0.62,0.37,0.63,0.38,1770419034093,89.43
0.61,0.37,0.63,0.38,1770419034137,89.43
0.61,0.37,0.63,0.39,1770419034138,89.43
0.61,0.38,0.63,0.39,1770419034348,89.43
0.61,0.38,0.62,0.39,1770419034354,89.43
0.61,0.37,0.62,0.39,1770419035536,89.42
0.61,0.37,0.63,0.39,1770419035537,89.42
0.62,0.37,0.63,0.39,1770419035694,89.42
0.62,0.37,0.63,0.38,1770419035705,89.42
0.61,0.37,0.63,0.38,1770419036076,89.42
0.61,0.37,0.63,0.39,1770419036077,89.42
0.61,0.38,0.63,0.39,1770419036653,89.43
0.61,0.38,0.62,0.39,1770419036656,89.43
0.61,0.37,0.62,0.39,1770419036777,89.43
0.61,0.37,0.63,0.39,1770419036778,89.43
0.62,0.37,0.63,0.39,1770419037162,89.43
0.62,0.37,0.63,0.38,1770419037169,89.43
0.61,0.37,0.63,0.38,1770419037204,89.43
0.61,0.37,0.63,0.39,1770419037209,89.43
0.61,0.38,0.63,0.39,1770419037314,89.43
0.61,0.38,0.62,0.39,1770419037321,89.43
0.61,0.37,0.62,0.39,1770419037432,89.43
0.61,0.37,0.63,0.39,1770419037433,89.43
0.62,0.37,0.63,0.39,1770419037475,89.43
0.62,0.37,0.63,0.38,1770419037492,89.43
0.61,0.37,0.63,0.38,1770419037825,89.43
0.61,0.37,0.63,0.39,1770419037836,89.43
0.61,0.37,0.62,0.39,1770419038044,89.43
0.61,0.38,0.62,0.39,1770419038158,89.43
0.61,0.37,0.62,0.39,1770419042770,89.42
0.61,0.37,0.63,0.39,1770419042771,89.42
0.61,0.38,0.63,0.39,1770419042977,89.42
0.61,0.38,0.62,0.39,1770419042978,89.42
0.6,0.38,0.62,0.39,1770419045403,89.43
0.6,0.38,0.62,0.4,1770419045404,89.43
0.59,0.38,0.62,0.41,1770419045408,89.43
0.59,0.38,0.61,0.41,1770419045444,89.43
0.59,0.39,0.61,0.41,1770419045445,89.43
0.6,0.39,0.61,0.41,1770419045473,89.43
0.6,0.39,0.61,0.4,1770419045474,89.43
0.59,0.39,0.61,0.4,1770419045503,89.43
0.59,0.39,0.61,0.41,1770419045506,89.43
0.59,0.4,0.61,0.41,1770419045618,89.43
0.59,0.4,0.6,0.41,1770419045619,89.43
0.59,0.39,0.6,0.41,1770419045822,89.43
0.59,0.39,0.61,0.41,1770419045823,89.43
0.59,0.4,0.61,0.41,1770419045875,89.43
0.59,0.4,0.6,0.41,1770419045881,89.43
0.59,0.39,0.6,0.41,1770419046230,89.43
0.59,0.39,0.61,0.41,1770419046238,89.43
0.6,0.39,0.61,0.41,1770419046279,89.43
0.6,0.39,0.61,0.4,1770419046286,89.43
0.6,0.38,0.61,0.4,1770419046459,89.37
0.6,0.38,0.62,0.4,1770419046478,89.37
0.59,0.38,0.6,0.4,1770419046971,89.37
0.59,0.4,0.6,0.41,1770419047003,89.37
0.59,0.4,0.62,0.41,1770419047115,89.37
0.59,0.38,0.62,0.41,1770419047117,89.37
0.6,0.38,0.62,0.41,1770419047137,89.37
0.6,0.38,0.62,0.4,1770419047139,89.37
0.6,0.39,0.62,0.4,1770419047510,89.39
0.6,0.39,0.61,0.4,1770419047511,89.39
0.6,0.38,0.61,0.4,1770419047810,89.39
0.6,0.38,0.62,0.4,1770419047840,89.39
0.6,0.39,0.62,0.4,1770419047940,89.39
0.6,0.39,0.61,0.4,1770419047941,89.39
0.6,0.38,0.61,0.4,1770419048057,89.39
0.6,0.38,0.62,0.4,1770419048068,89.39
0.6,0.39,0.62,0.4,1770419048194,89.39
0.6,0.39,0.61,0.4,1770419048213,89.39
0.6,0.38,0.61,0.4,1770419048217,89.39
0.6,0.38,0.62,0.4,1770419048222,89.39
0.6,0.39,0.62,0.4,1770419048388,89.4
0.6,0.39,0.61,0.4,1770419048389,89.4
0.6,0.38,0.61,0.4,1770419048516,89.4
0.6,0.38,0.62,0.4,1770419048520,89.4
0.6,0.39,0.62,0.4,1770419048672,89.4
0.6,0.39,0.61,0.4,1770419048713,89.4
0.6,0.38,0.61,0.4,1770419048824,89.4
0.6,0.38,0.62,0.4,1770419048825,89.4
0.6,0.39,0.62,0.4,1770419048976,89.4
0.6,0.39,0.61,0.4,1770419048977,89.4
0.59,0.39,0.61,0.4,1770419051973,89.38
0.59,0.39,0.61,0.41,1770419051974,89.38
0.59,0.4,0.61,0.41,1770419051998,89.38
0.59,0.4,0.6,0.41,1770419052002,89.38
0.58,0.4,0.6,0.41,1770419052088,89.38
0.58,0.4,0.6,0.42,1770419052089,89.38
0.58,0.41,0.6,0.42,1770419052119,89.38
0.58,0.41,0.59,0.42,1770419052120,89.38
0.57,0.41,0.59,0.42,1770419052215,89.38
0.57,0.41,0.59,0.43,1770419052223,89.38
0.58,0.41,0.59,0.43,1770419052257,89.38
0.58,0.41,0.59,0.42,1770419052262,89.38
0.57,0.41,0.59,0.42,1770419052378,89.37
0.57,0.41,0.59,0.43,1770419052384,89.37
0.57,0.42,0.59,0.43,1770419052706,89.37
0.57,0.42,0.58,0.43,1770419052727,89.37
0.57,0.41,0.58,0.43,1770419052830,89.37
0.57,0.41,0.59,0.43,1770419052854,89.37
0.57,0.41,0.58,0.43,1770419052900,89.37
0.57,0.42,0.58,0.43,1770419052901,89.37
0.57,0.42,0.59,0.43,1770419053011,89.37
0.57,0.41,0.59,0.43,1770419053058,89.37
0.57,0.42,0.59,0.43,1770419053067,89.37
0.57,0.42,0.58,0.43,1770419053068,89.37
0.56,0.42,0.58,0.43,1770419053614,89.33
0.56,0.42,0.58,0.44,1770419053616,89.33
0.57,0.42,0.58,0.44,1770419053770,89.33
0.57,0.42,0.58,0.43,1770419053803,89.33
0.56,0.42,0.58,0.43,1770419053917,89.33
0.56,0.42,0.58,0.44,1770419053918,89.33
0.57,0.42,0.58,0.44,1770419054067,89.33
0.57,0.42,0.58,0.43,1770419054078,89.33
0.56,0.42,0.58,0.43,1770419054096,89.33
0.56,0.42,0.58,0.44,1770419054100,89.33
0.57,0.42,0.58,0.44,1770419054390,89.33
0.57,0.42,0.58,0.43,1770419054391,89.33
0.56,0.42,0.58,0.43,1770419054608,89.33
0.56,0.42,0.58,0.44,1770419054638,89.33
0.57,0.42,0.58,0.44,1770419054943,89.33
0.57,0.42,0.58,0.43,1770419054949,89.33
0.57,0.42,0.59,0.43,1770419055240,89.33
0.57,0.41,0.59,0.43,1770419055241,89.33
0.58,0.41,0.59,0.43,1770419055264,89.33
0.58,0.41,0.59,0.42,1770419055265,89.33
0.58,0.4,0.59,0.42,1770419055317,89.34
0.58,0.4,0.6,0.42,1770419055334,89.34
0.59,0.4,0.6,0.42,1770419055690,89.34
0.59,0.4,0.6,0.41,1770419055692,89.34
0.59,0.39,0.6,0.41,1770419055763,89.34
0.59,0.39,0.61,0.41,1770419055770,89.34
0.6,0.39,0.61,0.41,1770419056001,89.34
0.6,0.39,0.61,0.4,1770419056002,89.34
0.59,0.39,0.61,0.4,1770419056147,89.34
0.59,0.39,0.61,0.41,1770419056148,89.34
0.6,0.39,0.61,0.41,1770419056363,89.38
0.6,0.39,0.61,0.4,1770419056375,89.38
0.59,0.39,0.61,0.4,1770419057245,89.38
0.59,0.39,0.61,0.41,1770419057267,89.38
0.59,0.4,0.61,0.41,1770419057428,89.4
0.59,0.4,0.6,0.41,1770419057439,89.4
0.59,0.39,0.6,0.41,1770419057521,89.4
0.59,0.39,0.61,0.41,1770419057522,89.4
0.6,0.39,0.61,0.41,1770419057588,89.4
0.6,0.39,0.61,0.4,1770419057589,89.4
0.6,0.38,0.61,0.4,1770419057918,89.4
0.6,0.38,0.62,0.4,1770419057923,89.4
0.61,0.38,0.62,0.4,1770419058114,89.4
0.61,0.38,0.62,0.39,1770419058117,89.4
0.6,0.38,0.62,0.39,1770419058977,89.41
0.6,0.38,0.62,0.4,1770419058982,89.41
0.6,0.39,0.62,0.4,1770419059034,89.41
0.6,0.39,0.61,0.4,1770419059104,89.41
0.59,0.39,0.61,0.4,1770419060990,89.38
0.59,0.39,0.61,0.41,1770419060991,89.38
0.59,0.4,0.61,0.41,1770419061019,89.38
0.59,0.4,0.6,0.41,1770419061036,89.38
0.59,0.39,0.6,0.41,1770419061136,89.38
0.59,0.39,0.61,0.41,1770419061138,89.38
0.59,0.4,0.61,0.41,1770419061308,89.37
0.59,0.4,0.6,0.41,1770419061323,89.37
0.59,0.39,0.6,0.41,1770419061430,89.37
0.59,0.39,0.61,0.41,1770419061431,89.37
0.59,0.4,0.61,0.41,1770419062291,89.37
0.59,0.4,0.6,0.41,1770419062293,89.37
0.59,0.39,0.6,0.41,1770419062420,89.37
0.59,0.39,0.61,0.41,1770419062421,89.37
0.59,0.4,0.61,0.41,1770419062549,89.37
0.59,0.4,0.6,0.41,1770419062555,89.37
0.59,0.39,0.6,0.41,1770419063031,89.37
0.59,0.39,0.61,0.41,1770419063032,89.37
0.6,0.39,0.61,0.41,1770419063083,89.37
0.6,0.39,0.61,0.4,1770419063084,89.37
0.59,0.39,0.61,0.4,1770419063568,89.39
0.59,0.39,0.61,0.41,1770419063584,89.39
0.59,0.38,0.61,0.41,1770419063866,89.39
0.6,0.38,0.62,0.4,1770419063867,89.39
0.6,0.39,0.62,0.4,1770419063895,89.39
0.6,0.39,0.61,0.4,1770419063897,89.39
0.6,0.38,0.61,0.4,1770419064022,89.39
0.6,0.38,0.62,0.4,1770419064034,89.39
0.6,0.39,0.62,0.4,1770419064046,89.39
0.6,0.39,0.61,0.4,1770419064047,89.39
0.6,0.37,0.61,0.4,1770419068361,89.43
0.6,0.37,0.63,0.4,1770419068362,89.43
0.61,0.37,0.63,0.4,1770419068396,89.43
0.61,0.37,0.63,0.39,1770419068408,89.43
0.61,0.38,0.63,0.39,1770419068414,89.43
0.61,0.38,0.62,0.39,1770419068422,89.43
0.61,0.38,0.63,0.39,1770419070194,89.43
0.61,0.37,0.63,0.39,1770419070195,89.43
0.61,0.38,0.63,0.39,1770419070217,89.43
0.61,0.38,0.62,0.39,1770419070219,89.43
0.61,0.37,0.62,0.39,1770419070316,89.42
0.61,0.37,0.63,0.39,1770419070324,89.42
0.62,0.37,0.63,0.39,1770419070345,89.42
0.62,0.37,0.63,0.38,1770419070346,89.42
0.61,0.37,0.63,0.38,1770419070382,89.42
0.61,0.37,0.63,0.39,1770419070394,89.42
0.62,0.37,0.63,0.39,1770419070888,89.42
0.62,0.37,0.63,0.38,1770419070889,89.42
0.61,0.37,0.63,0.38,1770419071470,89.44
0.61,0.37,0.63,0.39,1770419071471,89.44
0.62,0.37,0.63,0.39,1770419071521,89.44
0.62,0.37,0.63,0.38,1770419071525,89.44
0.61,0.37,0.63,0.38,1770419071616,89.44
0.61,0.37,0.63,0.39,1770419071624,89.44
0.62,0.37,0.63,0.39,1770419071702,89.44
0.62,0.37,0.63,0.38,1770419071735,89.44
0.61,0.37,0.63,0.38,1770419071777,89.44
0.61,0.37,0.63,0.39,1770419071780,89.44
0.61,0.38,0.63,0.39,1770419071877,89.44
0.61,0.38,0.62,0.39,1770419071881,89.44
0.61,0.38,0.63,0.39,1770419075326,89.42
0.61,0.37,0.63,0.39,1770419075329,89.42
0.62,0.37,0.63,0.39,1770419075348,89.44
0.62,0.37,0.63,0.38,1770419075356,89.44
0.62,0.36,0.63,0.38,1770419078611,89.46
0.62,0.36,0.64,0.38,1770419078632,89.46
0.63,0.36,0.64,0.38,1770419078662,89.46
0.63,0.36,0.64,0.37,1770419078675,89.46
0.63,0.34,0.64,0.37,1770419079162,89.46
0.63,0.34,0.66,0.37,1770419079163,89.46
0.64,0.34,0.66,0.37,1770419079187,89.46
0.64,0.34,0.66,0.36,1770419079193,89.46
0.64,0.35,0.66,0.36,1770419079223,89.46
0.64,0.35,0.65,0.36,1770419079233,89.46
0.64,0.34,0.65,0.36,1770419080402,89.49
0.64,0.34,0.66,0.36,1770419080404,89.49
0.65,0.34,0.66,0.36,1770419080467,89.49
0.65,0.34,0.66,0.35,1770419080478,89.49
0.65,0.32,0.66,0.35,1770419080916,89.49
0.65,0.32,0.68,0.35,1770419080917,89.49
0.66,0.32,0.68,0.35,1770419080957,89.49
0.66,0.32,0.68,0.34,1770419080958,89.49
0.65,0.32,0.68,0.34,1770419081134,89.49
0.65,0.32,0.68,0.35,1770419081135,89.49
0.65,0.33,0.68,0.35,1770419081138,89.49
0.65,0.33,0.67,0.35,1770419081152,89.49
0.65,0.33,0.66,0.35,1770419081244,89.49
0.65,0.34,0.66,0.35,1770419081251,89.49
0.65,0.34,0.67,0.35,1770419081267,89.49
0.65,0.33,0.67,0.35,1770419081277,89.49
0.65,0.33,0.68,0.35,1770419081710,89.51
0.65,0.32,0.68,0.35,1770419081714,89.51
0.66,0.32,0.68,0.35,1770419081715,89.51
0.66,0.32,0.68,0.34,1770419081724,89.51
0.65,0.32,0.68,0.34,1770419081855,89.51
0.65,0.32,0.68,0.35,1770419081856,89.51
0.65,0.33,0.68,0.35,1770419081866,89.51
0.65,0.33,0.67,0.35,1770419081867,89.51
0.65,0.32,0.67,0.35,1770419082600,89.51
0.66,0.32,0.68,0.35,1770419082611,89.51
0.66,0.32,0.68,0.34,1770419082627,89.51
0.66,0.33,0.68,0.34,1770419082692,89.51
0.65,0.33,0.67,0.35,1770419082712,89.51
0.65,0.34,0.67,0.35,1770419082904,89.51
0.65,0.34,0.66,0.35,1770419082905,89.51
0.65,0.33,0.66,0.35,1770419082997,89.51
0.65,0.33,0.67,0.35,1770419082999,89.51
0.66,0.33,0.67,0.35,1770419083235,89.51
0.66,0.33,0.67,0.34,1770419083237,89.51
0.66,0.32,0.67,0.34,1770419083259,89.51
0.66,0.32,0.68,0.34,1770419083260,89.51
0.66,0.33,0.68,0.34,1770419083267,89.51
0.66,0.33,0.67,0.34,1770419083268,89.51
0.66,0.32,0.67,0.34,1770419083298,89.51
0.66,0.32,0.68,0.34,1770419083305,89.52
0.67,0.32,0.68,0.34,1770419083406,89.52
0.67,0.32,0.68,0.33,1770419083407,89.52
0.66,0.32,0.68,0.33,1770419083983,89.52
0.66,0.32,0.68,0.34,1770419083984,89.52
0.66,0.32,0.67,0.34,1770419084156,89.52
0.66,0.33,0.67,0.34,1770419084157,89.52
0.66,0.33,0.68,0.34,1770419084178,89.52
0.66,0.32,0.68,0.34,1770419084185,89.52
0.66,0.33,0.68,0.34,1770419084282,89.52
0.66,0.33,0.67,0.34,1770419084283,89.52
0.66,0.32,0.67,0.34,1770419084352,89.52
0.66,0.32,0.68,0.34,1770419084354,89.52
0.66,0.33,0.68,0.34,1770419085154,89.52
0.66,0.33,0.67,0.34,1770419085160,89.52
0.66,0.32,0.67,0.34,1770419085183,89.52
0.66,0.32,0.68,0.34,1770419085184,89.52
0.66,0.32,0.67,0.34,1770419085299,89.52
0.66,0.33,0.67,0.34,1770419085409,89.51
0.66,0.33,0.68,0.34,1770419085466,89.51
0.66,0.32,0.68,0.34,1770419085467,89.51
0.66,0.33,0.68,0.34,1770419085708,89.51
0.66,0.33,0.67,0.34,1770419085709,89.51
0.65,0.33,0.67,0.34,1770419086820,89.51
0.65,0.33,0.67,0.35,1770419086827,89.51
0.65,0.34,0.67,0.35,1770419087023,89.51
0.65,0.34,0.66,0.35,1770419087026,89.51
0.64,0.34,0.66,0.35,1770419087092,89.51
0.64,0.34,0.66,0.36,1770419087103,89.51
0.65,0.34,0.66,0.36,1770419087153,89.51
0.65,0.34,0.66,0.35,1770419087162,89.51
0.64,0.34,0.66,0.35,1770419087211,89.51
0.64,0.34,0.66,0.36,1770419087225,89.51
0.65,0.34,0.66,0.36,1770419087243,89.51
0.65,0.34,0.66,0.35,1770419087244,89.51
0.64,0.34,0.66,0.35,1770419087795,89.5
0.64,0.34,0.66,0.36,1770419087796,89.5
0.64,0.35,0.66,0.36,1770419088918,89.49
0.64,0.35,0.65,0.36,1770419088919,89.49
0.64,0.34,0.65,0.36,1770419088964,89.49
0.64,0.34,0.66,0.36,1770419088965,89.49
0.64,0.34,0.65,0.36,1770419089095,89.49
0.64,0.35,0.65,0.36,1770419089097,89.49
0.64,0.35,0.66,0.36,1770419089193,89.49
0.64,0.34,0.66,0.36,1770419089240,89.49
0.64,0.35,0.66,0.36,1770419089253,89.49
0.64,0.35,0.65,0.36,1770419089256,89.49
0.64,0.34,0.65,0.36,1770419089449,89.49
0.64,0.34,0.66,0.36,1770419089462,89.49
0.64,0.35,0.66,0.36,1770419089897,89.49
0.64,0.35,0.65,0.36,1770419089898,89.49
0.64,0.34,0.65,0.36,1770419090009,89.49
0.64,0.34,0.66,0.36,1770419090010,89.49
0.64,0.35,0.66,0.36,1770419090404,89.49
0.64,0.35,0.65,0.36,1770419090432,89.49
0.64,0.34,0.65,0.36,1770419090501,89.49
0.64,0.34,0.66,0.36,1770419090527,89.49
0.64,0.35,0.66,0.36,1770419090665,89.49
0.64,0.35,0.65,0.36,1770419090666,89.49
0.64,0.34,0.65,0.36,1770419090777,89.49
0.64,0.34,0.66,0.36,1770419090778,89.49
0.64,0.34,0.65,0.36,1770419090826,89.49
0.64,0.35,0.65,0.36,1770419090828,89.49
0.64,0.35,0.66,0.36,1770419090928,89.49
0.64,0.34,0.66,0.36,1770419090931,89.49
0.65,0.34,0.66,0.36,1770419091207,89.49
0.65,0.34,0.66,0.35,1770419091230,89.49
0.64,0.34,0.66,0.35,1770419091325,89.5
0.64,0.34,0.66,0.36,1770419091344,89.5
0.65,0.34,0.66,0.36,1770419091541,89.5
0.65,0.34,0.66,0.35,1770419091556,89.5
0.65,0.33,0.66,0.35,1770419091953,89.5
0.65,0.33,0.67,0.35,1770419091977,89.5
0.65,0.34,0.67,0.35,1770419092004,89.5
0.65,0.34,0.66,0.35,1770419092029,89.5
0.65,0.33,0.66,0.35,1770419092102,89.5
0.65,0.33,0.67,0.35,1770419092107,89.5
0.65,0.34,0.67,0.35,1770419092138,89.5
0.65,0.34,0.66,0.35,1770419092151,89.5
0.65,0.33,0.66,0.35,1770419092257,89.5
0.65,0.33,0.67,0.35,1770419092258,89.5
0.65,0.34,0.67,0.35,1770419092321,89.5
0.65,0.34,0.66,0.35,1770419092329,89.5
0.65,0.33,0.66,0.35,1770419092418,89.5
0.65,0.33,0.67,0.35,1770419092419,89.5
0.65,0.34,0.67,0.35,1770419092474,89.5
0.65,0.34,0.66,0.35,1770419092475,89.5
0.65,0.33,0.66,0.35,1770419092677,89.5
0.65,0.33,0.67,0.35,1770419092678,89.5
0.66,0.33,0.67,0.35,1770419092889,89.5
0.66,0.33,0.67,0.34,1770419092891,89.5
0.65,0.33,0.67,0.34,1770419093150,89.5
0.65,0.33,0.67,0.35,1770419093151,89.5
0.65,0.34,0.67,0.35,1770419093747,89.52
0.65,0.34,0.66,0.35,1770419093797,89.52
0.65,0.33,0.66,0.35,1770419093831,89.52
0.65,0.33,0.67,0.35,1770419093840,89.52
0.65,0.33,0.66,0.35,1770419093928,89.52
0.65,0.34,0.66,0.35,1770419093990,89.52
0.65,0.34,0.67,0.35,1770419094477,89.5
0.65,0.33,0.67,0.35,1770419094478,89.5
0.65,0.34,0.67,0.35,1770419094529,89.5
0.65,0.34,0.66,0.35,1770419094535,89.5
0.65,0.33,0.66,0.35,1770419094571,89.5
0.65,0.33,0.67,0.35,1770419094578,89.5
0.66,0.33,0.67,0.35,1770419094580,89.5
0.66,0.33,0.67,0.34,1770419094595,89.5
0.66,0.32,0.67,0.34,1770419094605,89.5
0.66,0.32,0.68,0.34,1770419094609,89.5
0.67,0.32,0.68,0.34,1770419094657,89.5
0.67,0.32,0.68,0.33,1770419094658,89.5
0.66,0.32,0.68,0.33,1770419095024,89.5
0.66,0.32,0.68,0.34,1770419095025,89.5
0.65,0.32,0.66,0.34,1770419095167,89.5
0.65,0.34,0.66,0.35,1770419095168,89.5
0.65,0.34,0.67,0.35,1770419095324,89.53
0.65,0.33,0.67,0.35,1770419095424,89.53
0.64,0.33,0.67,0.35,1770419095436,89.53
0.64,0.33,0.67,0.36,1770419095437,89.53
0.65,0.33,0.67,0.36,1770419095495,89.53
0.65,0.33,0.67,0.35,1770419095497,89.53
0.65,0.34,0.67,0.35,1770419096326,89.52
0.65,0.34,0.66,0.35,1770419096481,89.52
0.65,0.33,0.66,0.35,1770419096498,89.52
0.65,0.33,0.67,0.35,1770419096500,89.52
0.65,0.34,0.67,0.35,1770419096523,89.52
0.65,0.34,0.66,0.35,1770419096835,89.52
0.65,0.34,0.67,0.35,1770419099091,89.51
0.65,0.33,0.67,0.35,1770419099092,89.51
0.65,0.34,0.66,0.35,1770419099104,89.51
0.65,0.33,0.66,0.35,1770419101183,89.49
0.65,0.33,0.67,0.35,1770419101226,89.49
0.65,0.34,0.67,0.35,1770419101241,89.49
0.65,0.34,0.66,0.35,1770419101248,89.49
0.65,0.33,0.66,0.35,1770419101439,89.51
0.65,0.33,0.67,0.35,1770419101440,89.51
0.65,0.34,0.67,0.35,1770419101521,89.51
0.65,0.34,0.66,0.35,1770419101529,89.51
0.65,0.33,0.66,0.35,1770419101616,89.51
0.65,0.33,0.67,0.35,1770419101637,89.51
0.65,0.34,0.67,0.35,1770419101780,89.51
0.65,0.34,0.66,0.35,1770419101784,89.51
0.65,0.33,0.66,0.35,1770419104811,89.51
0.65,0.33,0.67,0.35,1770419104821,89.51
0.65,0.34,0.67,0.35,1770419104864,89.51
0.65,0.34,0.66,0.35,1770419104885,89.51
0.65,0.33,0.66,0.35,1770419104886,89.51
0.65,0.33,0.67,0.35,1770419104943,89.51
0.65,0.34,0.67,0.35,1770419105024,89.51
0.65,0.34,0.66,0.35,1770419105027,89.51
0.65,0.33,0.66,0.35,1770419105249,89.51
0.65,0.33,0.67,0.35,1770419105259,89.51
0.65,0.34,0.67,0.35,1770419105296,89.51
0.65,0.34,0.66,0.35,1770419105303,89.51
0.65,0.33,0.66,0.35,1770419106194,89.5
0.65,0.33,0.67,0.35,1770419106195,89.5
0.65,0.34,0.67,0.35,1770419106295,89.5
0.65,0.34,0.66,0.35,1770419106304,89.5
0.65,0.33,0.66,0.35,1770419106875,89.51
0.65,0.34,0.67,0.35,1770419106878,89.51
0.65,0.34,0.66,0.35,1770419106880,89.51
0.64,0.34,0.66,0.35,1770419106938,89.51
0.64,0.34,0.66,0.36,1770419106939,89.51
0.63,0.34,0.66,0.36,1770419106973,89.51
0.63,0.34,0.66,0.37,1770419106977,89.51
0.63,0.34,0.65,0.37,1770419106983,89.51
0.63,0.35,0.65,0.37,1770419106984,89.51
0.63,0.36,0.65,0.37,1770419107198,89.51
0.63,0.36,0.64,0.37,1770419107199,89.51
0.63,0.35,0.64,0.37,1770419107663,89.46
0.63,0.35,0.65,0.37,1770419107679,89.46
0.63,0.36,0.65,0.37,1770419107963,89.46
0.63,0.36,0.64,0.37,1770419107964,89.46
0.63,0.35,0.64,0.37,1770419108423,89.44
0.63,0.35,0.65,0.37,1770419108424,89.44
0.63,0.35,0.64,0.37,1770419108533,89.44
0.63,0.36,0.64,0.37,1770419108594,89.44
0.62,0.36,0.64,0.37,1770419112289,89.44
0.62,0.38,0.64,0.39,1770419112294,89.44
0.61,0.38,0.62,0.39,1770419112295,89.44
0.6,0.38,0.62,0.39,1770419119571,89.39
0.6,0.38,0.62,0.4,1770419119572,89.39
0.6,0.39,0.62,0.4,1770419119593,89.39
0.6,0.39,0.61,0.4,1770419119594,89.39
0.59,0.39,0.61,0.4,1770419119749,89.39
0.59,0.39,0.61,0.41,1770419119750,89.39
0.59,0.4,0.61,0.41,1770419119772,89.39
0.59,0.4,0.6,0.41,1770419119777,89.39
0.58,0.4,0.6,0.41,1770419120947,89.35
0.58,0.4,0.6,0.42,1770419120948,89.35
0.58,0.41,0.6,0.42,1770419120971,89.35
0.58,0.41,0.59,0.42,1770419120978,89.35
0.58,0.4,0.59,0.42,1770419121950,89.35
0.58,0.4,0.6,0.42,1770419121956,89.35
0.59,0.4,0.6,0.42,1770419121975,89.35
0.59,0.4,0.6,0.41,1770419121978,89.35
0.58,0.4,0.6,0.41,1770419123095,89.36
0.58,0.4,0.6,0.42,1770419123097,89.36
0.58,0.41,0.6,0.42,1770419123117,89.36
0.58,0.41,0.59,0.42,1770419123118,89.36
0.57,0.41,0.59,0.42,1770419131584,89.33
0.57,0.41,0.59,0.43,1770419131608,89.33
0.57,0.42,0.59,0.43,1770419131617,89.33
0.57,0.42,0.58,0.43,1770419131623,89.33
0.58,0.42,0.6,0.43,1770419137126,89.35
0.58,0.4,0.6,0.42,1770419137127,89.35
0.58,0.41,0.6,0.42,1770419137241,89.35
0.58,0.41,0.59,0.42,1770419137242,89.35
0.58,0.4,0.59,0.42,1770419137279,89.35
0.58,0.4,0.6,0.42,1770419137342,89.35
0.59,0.4,0.6,0.42,1770419137429,89.35
0.59,0.4,0.6,0.41,1770419137438,89.35
0.58,0.4,0.6,0.41,1770419138474,89.37
0.58,0.4,0.6,0.42,1770419138475,89.37
0.58,0.41,0.6,0.42,1770419138533,89.37
0.58,0.41,0.59,0.42,1770419138534,89.37
0.58,0.4,0.59,0.42,1770419138535,89.37
0.58,0.4,0.6,0.42,1770419138536,89.37
0.59,0.4,0.6,0.42,1770419138583,89.37
0.59,0.4,0.6,0.41,1770419138584,89.37
0.59,0.4,0.61,0.41,1770419140022,89.36
0.59,0.39,0.61,0.41,1770419140029,89.36
0.59,0.4,0.61,0.41,1770419140088,89.36
0.59,0.4,0.6,0.41,1770419140094,89.36
0.59,0.39,0.6,0.41,1770419140198,89.36
0.59,0.39,0.61,0.41,1770419140201,89.36
0.59,0.4,0.61,0.41,1770419140264,89.36
0.59,0.4,0.6,0.41,1770419140265,89.36
0.59,0.39,0.6,0.41,1770419140331,89.38
0.59,0.39,0.61,0.41,1770419140343,89.38
0.59,0.4,0.61,0.41,1770419140567,89.38
0.59,0.4,0.6,0.41,1770419140596,89.38
0.59,0.41,0.6,0.44,1770419146953,89.37
0.56,0.41,0.59,0.44,1770419146960,89.37
0.56,0.42,0.59,0.44,1770419146989,89.37
0.56,0.43,0.58,0.44,1770419147001,89.37
0.56,0.43,0.57,0.44,1770419147002,89.37
0.55,0.43,0.57,0.44,1770419147937,89.3
0.55,0.43,0.57,0.45,1770419147938,89.3
0.55,0.44,0.57,0.45,1770419147984,89.3
0.55,0.44,0.56,0.45,1770419148003,89.3
0.55,0.43,0.56,0.45,1770419150411,89.29
0.55,0.43,0.57,0.45,1770419150412,89.29
0.55,0.44,0.57,0.45,1770419150427,89.29
0.55,0.44,0.56,0.45,1770419150429,89.29
0.55,0.43,0.56,0.45,1770419150533,89.29
0.55,0.43,0.57,0.45,1770419150539,89.29
0.55,0.44,0.57,0.45,1770419150684,89.29
0.55,0.44,0.56,0.45,1770419150687,89.29
0.55,0.43,0.56,0.45,1770419150776,89.29
0.55,0.43,0.57,0.45,1770419150779,89.29
0.56,0.43,0.57,0.45,1770419150937,89.29
0.56,0.43,0.57,0.44,1770419150940,89.29
0.55,0.43,0.57,0.44,1770419150999,89.29
0.55,0.43,0.57,0.45,1770419151000,89.29
0.55,0.44,0.57,0.45,1770419151088,89.29
0.55,0.44,0.56,0.45,1770419151097,89.29
0.56,0.44,0.58,0.45,1770419159566,89.31
0.56,0.42,0.58,0.44,1770419159567,89.31
0.56,0.43,0.58,0.44,1770419160222,89.31
0.56,0.43,0.57,0.44,1770419160229,89.31
0.55,0.43,0.57,0.44,1770419160520,89.32
0.55,0.43,0.57,0.45,1770419160521,89.32
0.56,0.43,0.57,0.45,1770419160533,89.32
0.56,0.43,0.57,0.44,1770419160535,89.32
0.56,0.42,0.57,0.44,1770419161693,89.32
0.56,0.42,0.58,0.44,1770419161697,89.32
0.57,0.42,0.58,0.44,1770419161737,89.32
0.57,0.42,0.58,0.43,1770419161745,89.32
0.56,0.42,0.58,0.43,1770419161829,89.32
0.56,0.42,0.58,0.44,1770419161830,89.32
0.57,0.42,0.58,0.44,1770419161912,89.32
0.57,0.42,0.58,0.43,1770419161918,89.32
0.56,0.42,0.58,0.43,1770419162116,89.32
0.56,0.42,0.58,0.44,1770419162117,89.32
0.57,0.42,0.58,0.44,1770419162459,89.33
0.57,0.42,0.58,0.43,1770419162460,89.33
0.57,0.41,0.58,0.43,1770419163070,89.33
0.57,0.41,0.59,0.43,1770419163071,89.33
0.57,0.42,0.59,0.43,1770419163219,89.33
0.57,0.42,0.58,0.43,1770419163221,89.33
0.57,0.41,0.58,0.43,1770419163318,89.33
0.57,0.41,0.59,0.43,1770419163319,89.33
0.57,0.42,0.59,0.43,1770419163463,89.33
0.57,0.42,0.58,0.43,1770419163469,89.33
0.56,0.42,0.58,0.43,1770419163722,89.33
0.56,0.42,0.58,0.44,1770419163724,89.33
0.57,0.42,0.58,0.44,1770419163796,89.33
0.57,0.42,0.58,0.43,1770419163797,89.33
0.57,0.41,0.58,0.43,1770419164207,89.33
0.57,0.41,0.59,0.43,1770419164208,89.33
0.57,0.42,0.59,0.43,1770419164517,89.34
0.57,0.42,0.58,0.43,1770419164525,89.34
0.57,0.41,0.58,0.43,1770419164604,89.34
0.57,0.41,0.59,0.43,1770419164612,89.34
0.57,0.42,0.59,0.43,1770419164742,89.34
0.57,0.42,0.58,0.43,1770419164745,89.34
0.57,0.41,0.58,0.43,1770419165029,89.34
0.57,0.41,0.59,0.43,1770419165030,89.34
0.58,0.41,0.59,0.43,1770419165098,89.34
0.58,0.41,0.59,0.42,1770419165099,89.34
0.58,0.4,0.59,0.42,1770419165124,89.34
0.58,0.4,0.6,0.42,1770419165125,89.34
0.59,0.4,0.6,0.42,1770419165170,89.34
0.59,0.4,0.6,0.41,1770419165176,89.34
0.58,0.4,0.6,0.41,1770419165225,89.34
0.58,0.4,0.6,0.42,1770419165232,89.34
0.58,0.41,0.6,0.42,1770419165259,89.34
0.58,0.41,0.59,0.42,1770419165260,89.34
0.58,0.4,0.59,0.42,1770419165275,89.34
0.58,0.4,0.6,0.42,1770419165276,89.34
0.58,0.41,0.6,0.42,1770419165394,89.39
0.58,0.41,0.59,0.42,1770419165396,89.39
0.58,0.4,0.59,0.42,1770419165516,89.39
0.58,0.4,0.6,0.42,1770419165517,89.39
0.58,0.41,0.6,0.42,1770419165586,89.39
0.58,0.41,0.59,0.42,1770419165587,89.39
0.58,0.4,0.59,0.42,1770419165590,89.39
0.58,0.4,0.6,0.42,1770419165591,89.39
0.59,0.4,0.6,0.42,1770419165592,89.39
0.59,0.4,0.6,0.41,1770419165597,89.39
0.6,0.4,0.61,0.41,1770419165609,89.39
0.6,0.39,0.61,0.4,1770419165617,89.39
0.59,0.39,0.61,0.4,1770419166279,89.39
0.59,0.39,0.61,0.41,1770419166280,89.39
0.59,0.4,0.61,0.41,1770419166304,89.37
0.59,0.4,0.6,0.41,1770419166305,89.37
0.59,0.39,0.6,0.41,1770419166825,89.37
0.59,0.39,0.61,0.41,1770419166826,89.37
0.59,0.38,0.61,0.41,1770419166844,89.37
0.59,0.38,0.62,0.41,1770419166846,89.37
0.59,0.39,0.61,0.41,1770419166852,89.37
0.6,0.39,0.61,0.41,1770419166896,89.37
0.6,0.39,0.61,0.4,1770419166897,89.37
0.6,0.37,0.61,0.4,1770419167476,89.4
0.62,0.37,0.63,0.4,1770419167483,89.4
0.62,0.37,0.63,0.38,1770419167505,89.4
0.61,0.37,0.63,0.38,1770419168014,89.4
0.61,0.37,0.63,0.39,1770419168015,89.4
0.61,0.38,0.63,0.39,1770419168054,89.4
0.61,0.38,0.62,0.39,1770419168074,89.4
0.61,0.37,0.62,0.39,1770419169326,89.41
0.61,0.37,0.63,0.39,1770419169327,89.41
0.62,0.37,0.63,0.39,1770419169381,89.41
0.62,0.37,0.63,0.38,1770419169382,89.41
0.62,0.36,0.63,0.38,1770419170469,89.46
0.62,0.36,0.64,0.38,1770419170470,89.46
0.63,0.36,0.64,0.38,1770419170505,89.46
0.63,0.36,0.64,0.37,1770419170506,89.46
0.63,0.35,0.64,0.37,1770419172967,89.48
0.63,0.35,0.65,0.37,1770419172985,89.48
0.64,0.35,0.65,0.37,1770419173000,89.48
0.64,0.35,0.65,0.36,1770419173002,89.48
0.64,0.34,0.65,0.36,1770419173507,89.5
0.64,0.34,0.66,0.36,1770419173543,89.5
0.65,0.34,0.66,0.36,1770419173544,89.5
0.65,0.34,0.66,0.35,1770419173558,89.5
0.64,0.34,0.66,0.35,1770419174069,89.5
0.64,0.34,0.66,0.36,1770419174072,89.5
0.65,0.34,0.66,0.36,1770419174079,89.5
0.65,0.34,0.66,0.35,1770419174082,89.5
0.65,0.32,0.66,0.35,1770419174553,89.51
0.65,0.32,0.68,0.35,1770419174554,89.51
0.65,0.33,0.68,0.35,1770419174582,89.51
0.65,0.33,0.67,0.35,1770419174588,89.51
0.66,0.33,0.67,0.35,1770419174596,89.51
0.66,0.33,0.67,0.34,1770419174597,89.51
0.66,0.32,0.67,0.34,1770419176243,89.54
0.66,0.32,0.68,0.34,1770419176244,89.54
0.67,0.32,0.68,0.34,1770419176289,89.54
0.67,0.32,0.68,0.33,1770419176290,89.54
0.66,0.32,0.68,0.33,1770419176954,89.54
0.66,0.32,0.68,0.34,1770419176978,89.54
0.67,0.32,0.68,0.34,1770419177324,89.57
0.67,0.32,0.68,0.33,1770419177325,89.57
0.66,0.32,0.68,0.33,1770419177337,89.57
0.66,0.32,0.68,0.34,1770419177353,89.57
0.67,0.32,0.68,0.34,1770419177568,89.57
0.67,0.32,0.68,0.33,1770419177585,89.57
0.67,0.32,0.69,0.33,1770419177858,89.57
0.67,0.31,0.69,0.33,1770419177870,89.57
0.68,0.31,0.69,0.33,1770419177987,89.57
0.68,0.31,0.69,0.32,1770419178004,89.57
0.68,0.31,0.7,0.32,1770419178202,89.57
0.68,0.3,0.7,0.32,1770419178204,89.57
0.68,0.3,0.69,0.32,1770419178526,89.56
0.68,0.31,0.69,0.32,1770419178530,89.56
0.67,0.31,0.69,0.32,1770419178553,89.56
0.67,0.31,0.69,0.33,1770419178562,89.56
0.68,0.31,0.69,0.33,1770419178665,89.56
0.68,0.31,0.69,0.32,1770419178678,89.56
0.68,0.31,0.7,0.32,1770419182171,89.56
0.68,0.3,0.7,0.32,1770419182175,89.56
0.68,0.3,0.69,0.32,1770419182423,89.57
0.68,0.31,0.69,0.32,1770419182426,89.57
0.66,0.31,0.69,0.32,1770419183856,89.56
0.66,0.31,0.69,0.34,1770419183866,89.56
0.67,0.31,0.69,0.34,1770419183874,89.56
0.67,0.31,0.69,0.33,1770419183875,89.56
0.67,0.31,0.68,0.33,1770419183891,89.56
0.67,0.32,0.68,0.33,1770419183892,89.56
0.67,0.32,0.69,0.33,1770419184468,89.53
0.67,0.31,0.69,0.33,1770419184492,89.53
0.68,0.31,0.69,0.33,1770419185610,89.56
0.68,0.31,0.69,0.32,1770419185612,89.56
0.68,0.3,0.69,0.32,1770419185640,89.56
0.68,0.3,0.7,0.32,1770419185641,89.56
0.69,0.3,0.7,0.32,1770419186495,89.58
0.69,0.3,0.7,0.31,1770419186515,89.58
0.68,0.3,0.7,0.31,1770419195296,89.58
0.68,0.3,0.7,0.32,1770419195303,89.56
0.69,0.3,0.7,0.32,1770419195493,89.56
0.69,0.3,0.7,0.31,1770419195530,89.56
0.68,0.3,0.7,0.31,1770419195772,89.56
0.68,0.3,0.7,0.32,1770419195779,89.56
0.67,0.3,0.7,0.32,1770419195885,89.56
0.67,0.3,0.7,0.33,1770419195886,89.56
0.68,0.3,0.7,0.33,1770419195932,89.56
0.68,0.3,0.7,0.32,1770419195933,89.56
0.67,0.3,0.7,0.32,1770419196032,89.56
0.67,0.3,0.7,0.33,1770419196033,89.56
0.67,0.31,0.7,0.33,1770419196037,89.56
0.67,0.31,0.69,0.33,1770419196060,89.56
0.68,0.31,0.69,0.33,1770419196780,89.58
0.68,0.31,0.69,0.32,1770419196786,89.58
0.68,0.3,0.69,0.32,1770419196923,89.58
0.68,0.3,0.7,0.32,1770419196924,89.58
0.68,0.31,0.7,0.32,1770419197572,89.57
0.68,0.31,0.69,0.32,1770419197578,89.57
0.68,0.3,0.69,0.32,1770419197976,89.57
0.68,0.3,0.7,0.32,1770419197977,89.57
0.68,0.31,0.7,0.32,1770419198118,89.57
0.68,0.31,0.69,0.32,1770419198151,89.57
0.68,0.3,0.69,0.32,1770419198251,89.57
0.68,0.3,0.7,0.32,1770419198319,89.58
0.68,0.31,0.7,0.32,1770419198369,89.58
0.68,0.31,0.69,0.32,1770419198370,89.58
0.68,0.3,0.69,0.32,1770419198496,89.58
0.68,0.3,0.7,0.32,1770419198576,89.58
0.68,0.31,0.7,0.32,1770419198672,89.58
0.68,0.31,0.69,0.32,1770419198682,89.58
0.68,0.31,0.7,0.32,1770419199294,89.58
0.68,0.3,0.7,0.32,1770419199295,89.58
0.68,0.31,0.7,0.32,1770419199610,89.55
0.68,0.31,0.69,0.32,1770419199649,89.55
0.68,0.3,0.69,0.32,1770419199815,89.55
0.68,0.3,0.7,0.32,1770419199824,89.55
0.68,0.3,0.69,0.32,1770419199885,89.55
0.68,0.31,0.69,0.32,1770419199886,89.55
0.68,0.31,0.7,0.32,1770419199990,89.55
0.68,0.3,0.7,0.32,1770419200025,89.55
0.68,0.31,0.7,0.32,1770419200784,89.55
0.68,0.31,0.69,0.32,1770419200825,89.55
0.68,0.3,0.69,0.32,1770419201047,89.55
0.68,0.3,0.7,0.32,1770419201048,89.55
0.68,0.31,0.7,0.32,1770419201059,89.55
0.68,0.31,0.69,0.32,1770419201060,89.55
0.68,0.3,0.69,0.32,1770419201201,89.55
0.68,0.3,0.7,0.32,1770419201202,89.55
0.68,0.31,0.7,0.32,1770419201867,89.57
0.68,0.31,0.69,0.32,1770419201880,89.57
0.68,0.3,0.69,0.32,1770419201989,89.57
0.68,0.3,0.7,0.32,1770419201990,89.57
0.69,0.3,0.7,0.32,1770419204345,89.58
0.69,0.3,0.7,0.31,1770419204346,89.58
0.68,0.3,0.7,0.31,1770419204465,89.58
0.68,0.3,0.7,0.32,1770419204470,89.58
0.68,0.31,0.7,0.32,1770419204764,89.58
0.68,0.31,0.69,0.32,1770419204801,89.58
0.68,0.3,0.69,0.32,1770419204851,89.58
0.68,0.3,0.7,0.32,1770419204852,89.58
0.68,0.31,0.7,0.32,1770419205197,89.58
0.68,0.31,0.69,0.32,1770419205198,89.58
0.68,0.3,0.69,0.32,1770419205497,89.57
0.68,0.3,0.7,0.32,1770419205498,89.57
0.69,0.3,0.7,0.32,1770419206382,89.58
0.69,0.3,0.7,0.31,1770419206404,89.58
0.68,0.3,0.7,0.31,1770419207205,89.58
0.68,0.3,0.7,0.32,1770419207208,89.58
0.68,0.31,0.7,0.32,1770419207397,89.58
0.68,0.31,0.69,0.32,1770419207401,89.58
0.68,0.3,0.69,0.32,1770419207655,89.58
0.68,0.3,0.7,0.32,1770419207657,89.58
0.69,0.3,0.7,0.32,1770419207698,89.58
0.69,0.3,0.7,0.31,1770419207762,89.58
0.68,0.3,0.7,0.31,1770419207766,89.58
0.68,0.3,0.7,0.32,1770419207771,89.58
0.68,0.31,0.7,0.32,1770419208598,89.58
0.68,0.31,0.69,0.32,1770419208621,89.58
0.68,0.3,0.69,0.32,1770419208778,89.58
0.68,0.3,0.7,0.32,1770419208779,89.58
0.68,0.31,0.7,0.32,1770419208820,89.58
0.68,0.31,0.69,0.32,1770419208827,89.58
0.68,0.3,0.69,0.32,1770419208877,89.58
0.68,0.3,0.7,0.32,1770419208904,89.58
0.68,0.31,0.7,0.32,1770419208919,89.58
0.68,0.31,0.69,0.32,1770419208927,89.58
0.68,0.3,0.69,0.32,1770419209429,89.58
0.68,0.3,0.7,0.32,1770419209430,89.58
0.68,0.31,0.7,0.32,1770419209433,89.58
0.68,0.31,0.69,0.32,1770419209434,89.58
0.68,0.3,0.69,0.32,1770419210167,89.58
0.68,0.3,0.7,0.32,1770419210177,89.58
0.68,0.31,0.7,0.32,1770419210433,89.58
0.68,0.31,0.69,0.32,1770419210434,89.58
0.68,0.3,0.69,0.32,1770419210728,89.58
0.68,0.3,0.7,0.32,1770419210731,89.58
0.68,0.31,0.7,0.32,1770419210976,89.58
0.68,0.31,0.69,0.32,1770419210979,89.58
0.68,0.3,0.69,0.32,1770419213198,89.55
0.68,0.3,0.7,0.32,1770419213224,89.55
0.68,0.31,0.7,0.32,1770419213551,89.56
0.68,0.31,0.69,0.32,1770419213569,89.56
0.68,0.3,0.69,0.32,1770419214141,89.56
0.68,0.3,0.7,0.32,1770419214142,89.56
0.68,0.31,0.7,0.32,1770419214167,89.56
0.68,0.31,0.69,0.32,1770419214169,89.56
0.68,0.3,0.69,0.32,1770419214299,89.56
0.68,0.3,0.7,0.32,1770419214300,89.56
0.68,0.31,0.7,0.32,1770419214328,89.58
0.68,0.31,0.69,0.32,1770419214329,89.58
0.68,0.32,0.69,0.34,1770419220201,89.54
0.66,0.32,0.68,0.34,1770419220204,89.54
0.66,0.33,0.68,0.34,1770419220221,89.54
0.66,0.33,0.67,0.34,1770419220222,89.54
0.66,0.34,0.67,0.35,1770419224090,89.5
0.65,0.34,0.66,0.35,1770419224114,89.5
0.65,0.33,0.66,0.35,1770419224511,89.5
0.65,0.33,0.67,0.35,1770419224512,89.5
0.65,0.34,0.67,0.35,1770419224560,89.5
0.65,0.34,0.66,0.35,1770419224589,89.5
0.65,0.35,0.66,0.36,1770419225587,89.47
0.64,0.35,0.65,0.36,1770419225588,89.47
0.64,0.36,0.65,0.37,1770419227663,89.45
0.63,0.36,0.64,0.37,1770419227664,89.45
0.62,0.36,0.64,0.37,1770419229505,89.46
0.62,0.36,0.64,0.38,1770419229506,89.46
0.63,0.36,0.64,0.38,1770419229565,89.46
0.63,0.36,0.64,0.37,1770419229568,89.46
0.61,0.36,0.64,0.37,1770419230008,89.46
