0.8,0.114,0.886,0.191,1770422400922,70580.26
0.8,0.114,0.886,0.2,1770422400923,70580.26
0.853,0.114,0.886,0.2,1770422411230,70572.01
0.853,0.114,0.886,0.147,1770422411294,70572.01
0.8,0.114,0.886,0.147,1770422423179,70484.58
0.8,0.114,0.886,0.2,1770422423180,70484.58
0.813,0.114,0.886,0.2,1770422423580,70474.99
0.813,0.114,0.886,0.187,1770422423607,70474.99
0.813,0.114,0.886,0.146,1770422424192,70474.99
0.854,0.114,0.886,0.146,1770422424246,70474.99
0.854,0.15,0.886,0.2,1770422434914,70402.79
0.8,0.1,0.85,0.2,1770422434915,70402.79
0.8,0.151,0.9,0.2,1770422434917,70402.79
0.8,0.1,0.849,0.2,1770422434919,70402.79
0.8,0.144,0.9,0.2,1770422434924,70402.79
0.8,0.144,0.856,0.2,1770422434936,70402.79
0.8,0.158,0.856,0.2,1770422434947,70402.79
0.8,0.158,0.842,0.2,1770422434951,70402.79
0.8,0.145,0.842,0.2,1770422434979,70402.79
0.8,0.145,0.855,0.2,1770422434980,70402.79
0.8,0.159,0.855,0.2,1770422434988,70402.79
0.8,0.159,0.841,0.2,1770422434991,70402.79
0.8,0.145,0.841,0.2,1770422435029,70402.79
0.8,0.16,0.9,0.2,1770422435030,70402.79
0.8,0.16,0.84,0.2,1770422435043,70402.79
0.8,0.1,0.84,0.2,1770422435109,70402.79
0.8,0.161,0.9,0.2,1770422435118,70402.79
0.8,0.161,0.839,0.2,1770422435135,70402.79
0.8,0.195,0.839,0.2,1770422435173,70402.79
0.8,0.195,0.805,0.235,1770422435181,70402.79
0.765,0.195,0.805,0.235,1770422435182,70402.79
0.765,0.162,0.805,0.235,1770422435230,70402.79
0.765,0.162,0.838,0.235,1770422435231,70402.79
0.765,0.163,0.838,0.235,1770422435257,70402.79
0.765,0.163,0.837,0.235,1770422435259,70402.79
0.765,0.1,0.837,0.235,1770422435282,70315.43
0.765,0.164,0.9,0.235,1770422435288,70315.43
0.765,0.164,0.836,0.235,1770422435311,70315.43
0.765,0.192,0.808,0.235,1770422435350,70315.43
0.765,0.136,0.808,0.235,1770422435770,70315.43
0.765,0.1,0.864,0.235,1770422435772,70315.43
0.765,0.132,0.9,0.235,1770422435797,70315.43
0.765,0.18,0.868,0.235,1770422435814,70315.43
0.765,0.18,0.82,0.235,1770422435819,70315.43
0.765,0.129,0.82,0.235,1770422435876,70315.43
0.765,0.1,0.871,0.235,1770422435879,70315.43
0.765,0.101,0.9,0.235,1770422435906,70315.43
0.765,0.168,0.899,0.235,1770422435923,70315.43
0.765,0.168,0.832,0.235,1770422435945,70315.43
0.765,0.118,0.832,0.235,1770422436007,70315.43
0.765,0.118,0.882,0.235,1770422436010,70315.43
0.765,0.1,0.882,0.235,1770422436033,70315.43
0.765,0.161,0.9,0.235,1770422436053,70315.43
0.765,0.161,0.839,0.235,1770422436079,70315.43
0.766,0.161,0.839,0.235,1770422436101,70315.43
0.766,0.161,0.839,0.234,1770422436112,70315.43
0.765,0.161,0.839,0.234,1770422436128,70315.43
0.765,0.161,0.839,0.235,1770422436129,70315.43
0.77,0.161,0.839,0.235,1770422436175,70315.43
0.77,0.161,0.839,0.23,1770422436187,70315.43
0.765,0.161,0.839,0.23,1770422439740,70366.56
0.765,0.161,0.839,0.235,1770422439741,70366.56
0.765,0.156,0.852,0.235,1770422439750,70366.56
0.765,0.156,0.844,0.235,1770422439787,70366.56
0.765,0.1,0.844,0.235,1770422439788,70366.56
0.765,0.157,0.843,0.235,1770422439797,70366.56
0.765,0.184,0.843,0.235,1770422439837,70366.56
0.765,0.157,0.816,0.235,1770422439866,70366.56
0.765,0.1,0.843,0.235,1770422439872,70366.56
0.765,0.174,0.9,0.235,1770422439873,70366.56
0.765,0.174,0.826,0.235,1770422439874,70366.56
0.765,0.172,0.826,0.235,1770422439915,70366.56
0.765,0.172,0.828,0.235,1770422439916,70366.56
0.765,0.183,0.817,0.235,1770422439947,70366.56
0.765,0.1,0.817,0.235,1770422440009,70366.56
0.765,0.174,0.9,0.235,1770422440045,70366.56
0.765,0.174,0.826,0.235,1770422440046,70366.56
0.765,0.101,0.826,0.235,1770422440077,70366.56
0.765,0.172,0.899,0.235,1770422440079,70366.56
0.765,0.182,0.828,0.235,1770422440082,70366.56
0.765,0.182,0.818,0.235,1770422440083,70366.56
0.765,0.173,0.818,0.235,1770422440184,70366.56
0.765,0.173,0.827,0.235,1770422440189,70366.56
0.765,0.1,0.827,0.235,1770422440226,70366.56
0.765,0.196,0.9,0.235,1770422440227,70366.56
0.765,0.196,0.804,0.235,1770422440231,70366.56
0.765,0.191,0.804,0.235,1770422440258,70325.59
0.765,0.191,0.809,0.235,1770422440271,70325.59
0.765,0.1,0.809,0.235,1770422440315,70325.59
0.765,0.205,0.9,0.235,1770422440316,70325.59
0.765,0.205,0.795,0.235,1770422440318,70325.59
0.765,0.199,0.795,0.235,1770422440824,70325.59
0.765,0.201,0.801,0.235,1770422440838,70325.59
0.76,0.201,0.799,0.235,1770422440856,70325.59
0.76,0.201,0.799,0.24,1770422440857,70325.59
0.76,0.1,0.799,0.24,1770422440890,70325.59
0.76,0.202,0.9,0.24,1770422440892,70325.59
0.76,0.202,0.798,0.24,1770422440933,70325.59
0.76,0.202,0.798,0.25,1770422440944,70325.59
0.75,0.1,0.798,0.25,1770422440963,70325.59
0.75,0.1,0.9,0.25,1770422440964,70325.59
0.75,0.203,0.9,0.25,1770422440967,70325.59
0.75,0.203,0.797,0.25,1770422440976,70325.59
0.75,0.1,0.797,0.25,1770422441039,70325.59
0.75,0.1,0.9,0.25,1770422441040,70325.59
0.75,0.218,0.796,0.25,1770422441041,70325.59
0.75,0.218,0.782,0.25,1770422441083,70325.59
0.75,0.212,0.782,0.25,1770422441306,70280.11
0.75,0.212,0.788,0.25,1770422441307,70280.11
0.75,0.1,0.788,0.25,1770422441332,70280.11
0.75,0.211,0.9,0.25,1770422441334,70280.11
0.75,0.211,0.789,0.25,1770422441335,70280.11
0.75,0.218,0.789,0.25,1770422441382,70280.11
0.75,0.218,0.782,0.25,1770422441406,70280.11
0.75,0.1,0.782,0.25,1770422441436,70280.11
0.75,0.1,0.9,0.25,1770422441437,70280.11
0.75,0.219,0.9,0.25,1770422441442,70280.11
0.75,0.219,0.781,0.25,1770422441449,70280.11
0.75,0.226,0.781,0.25,1770422441459,70280.11
0.75,0.226,0.774,0.25,1770422441464,70280.11
0.75,0.207,0.774,0.25,1770422443253,70277.87
0.75,0.1,0.793,0.25,1770422443256,70277.87
0.75,0.215,0.9,0.25,1770422443262,70277.87
0.75,0.215,0.785,0.25,1770422443284,70281.76
0.75,0.101,0.785,0.25,1770422443330,70281.76
0.75,0.1,0.899,0.25,1770422443332,70281.76
0.75,0.216,0.9,0.25,1770422443333,70281.76
0.75,0.227,0.784,0.25,1770422443337,70281.76
0.75,0.216,0.773,0.25,1770422443381,70281.76
0.75,0.1,0.784,0.25,1770422443402,70281.76
0.75,0.224,0.9,0.25,1770422443415,70281.76
0.75,0.228,0.776,0.25,1770422443425,70281.76
0.75,0.228,0.772,0.25,1770422443438,70281.76
0.75,0.213,0.772,0.25,1770422444302,70273.45
0.75,0.213,0.787,0.25,1770422444342,70273.45
0.75,0.1,0.787,0.25,1770422444346,70273.45
0.75,0.214,0.9,0.25,1770422444347,70273.45
0.75,0.214,0.786,0.25,1770422444378,70273.45
0.75,0.231,0.786,0.25,1770422444383,70273.45
0.75,0.231,0.769,0.25,1770422444384,70273.45
0.75,0.184,0.769,0.25,1770422447132,70297.37
0.75,0.1,0.816,0.25,1770422447147,70297.37
0.75,0.183,0.817,0.25,1770422447154,70297.37
0.75,0.181,0.817,0.25,1770422447197,70297.37
0.75,0.181,0.819,0.25,1770422447198,70297.37
0.75,0.194,0.819,0.25,1770422447215,70297.37
0.75,0.194,0.806,0.25,1770422447224,70297.37
0.75,0.1,0.806,0.25,1770422449586,70320.28
0.75,0.144,0.9,0.25,1770422449600,70320.28
0.75,0.144,0.856,0.25,1770422449627,70320.28
0.75,0.101,0.856,0.25,1770422449655,70320.28
0.75,0.156,0.899,0.25,1770422449659,70320.28
0.75,0.156,0.844,0.25,1770422449660,70320.28
0.75,0.141,0.844,0.25,1770422449965,70320.28
0.75,0.1,0.859,0.25,1770422450022,70320.28
0.75,0.175,0.86,0.25,1770422450030,70320.28
0.75,0.175,0.825,0.25,1770422450051,70320.28
0.75,0.142,0.825,0.25,1770422450063,70320.28
0.75,0.1,0.858,0.25,1770422450096,70320.28
0.75,0.143,0.9,0.25,1770422450101,70320.28
0.75,0.143,0.857,0.25,1770422450107,70320.28
0.75,0.1,0.857,0.25,1770422450133,70320.28
0.75,0.144,0.9,0.25,1770422450143,70320.28
0.75,0.1,0.856,0.25,1770422450171,70320.28
0.75,0.1,0.9,0.25,1770422450172,70320.28
0.75,0.145,0.855,0.25,1770422450173,70320.28
0.75,0.1,0.855,0.25,1770422450209,70320.28
0.75,0.146,0.854,0.25,1770422450223,70320.28
0.75,0.18,0.854,0.25,1770422450227,70320.28
0.75,0.18,0.82,0.25,1770422450246,70320.28
0.75,0.146,0.82,0.25,1770422451334,70364.51
0.75,0.149,0.854,0.25,1770422451348,70364.51
0.75,0.149,0.851,0.25,1770422451377,70364.51
0.75,0.182,0.851,0.25,1770422451445,70364.51
0.75,0.182,0.818,0.25,1770422451530,70364.51
0.75,0.154,0.818,0.25,1770422451791,70364.51
0.75,0.154,0.846,0.25,1770422451799,70364.51
0.75,0.1,0.846,0.25,1770422451844,70364.51
0.75,0.155,0.845,0.25,1770422451853,70364.51
0.75,0.189,0.845,0.25,1770422451902,70364.51
0.75,0.189,0.811,0.25,1770422451909,70364.51
0.75,0.129,0.811,0.25,1770422456472,70376.0
0.75,0.129,0.871,0.25,1770422456482,70376.0
0.75,0.127,0.9,0.25,1770422456488,70376.0
0.75,0.1,0.873,0.25,1770422456505,70376.0
0.75,0.125,0.9,0.25,1770422456512,70376.0
0.75,0.171,0.875,0.25,1770422456515,70376.0
0.75,0.171,0.829,0.25,1770422456543,70376.0
0.753,0.171,0.829,0.25,1770422456588,70376.0
0.753,0.171,0.829,0.247,1770422456627,70376.0
0.75,0.171,0.829,0.247,1770422456715,70376.0
0.75,0.171,0.829,0.25,1770422456859,70376.0
0.755,0.171,0.829,0.25,1770422456862,70376.0
0.755,0.171,0.829,0.245,1770422456888,70376.0
0.75,0.171,0.829,0.245,1770422456913,70376.0
0.75,0.171,0.829,0.25,1770422456914,70376.0
0.757,0.171,0.829,0.25,1770422456962,70376.0
0.757,0.171,0.829,0.243,1770422456980,70376.0
0.757,0.155,0.829,0.243,1770422459825,70380.78
0.757,0.1,0.845,0.243,1770422459855,70380.78
0.757,0.1,0.9,0.243,1770422459856,70380.78
0.757,0.156,0.9,0.243,1770422459866,70380.78
0.757,0.172,0.844,0.243,1770422459867,70380.78
0.757,0.172,0.828,0.243,1770422459883,70380.78
0.75,0.172,0.828,0.243,1770422461965,70364.1
0.75,0.172,0.828,0.25,1770422461966,70364.1
0.75,0.124,0.9,0.25,1770422461982,70364.1
0.75,0.124,0.876,0.25,1770422461983,70364.1
0.766,0.124,0.876,0.25,1770422462004,70364.1
0.766,0.1,0.876,0.234,1770422462008,70364.1
0.766,0.101,0.9,0.234,1770422462011,70364.1
0.766,0.102,0.899,0.234,1770422462040,70364.1
0.766,0.13,0.898,0.234,1770422462058,70364.1
0.766,0.13,0.87,0.234,1770422462083,70364.1
0.766,0.127,0.87,0.234,1770422462223,70364.1
0.766,0.1,0.873,0.234,1770422462250,70385.14
0.766,0.126,0.9,0.234,1770422462254,70385.14
0.766,0.1,0.874,0.234,1770422462278,70385.14
0.766,0.101,0.9,0.234,1770422462288,70385.14
0.766,0.102,0.899,0.234,1770422462327,70385.14
0.766,0.102,0.898,0.234,1770422462331,70385.14
0.766,0.1,0.898,0.234,1770422462352,70385.14
0.766,0.103,0.9,0.234,1770422462354,70385.14
0.766,0.13,0.897,0.234,1770422462391,70385.14
0.766,0.13,0.87,0.234,1770422462409,70385.14
0.766,0.1,0.87,0.234,1770422462423,70385.14
0.766,0.1,0.9,0.234,1770422462424,70385.14
0.766,0.104,0.9,0.234,1770422462426,70385.14
0.766,0.104,0.896,0.234,1770422462427,70385.14
0.766,0.129,0.896,0.234,1770422462433,70385.14
0.766,0.136,0.871,0.234,1770422462460,70385.14
0.766,0.136,0.864,0.234,1770422462485,70385.14
0.766,0.132,0.864,0.234,1770422462512,70385.14
0.766,0.1,0.868,0.234,1770422462561,70385.14
0.766,0.133,0.9,0.234,1770422462562,70385.14
0.766,0.1,0.867,0.234,1770422462611,70385.14
0.766,0.1,0.9,0.234,1770422462612,70385.14
0.766,0.138,0.9,0.234,1770422462629,70385.14
0.766,0.138,0.862,0.234,1770422462635,70385.14
0.766,0.131,0.862,0.234,1770422464464,70380.21
0.766,0.131,0.869,0.234,1770422464465,70380.21
0.766,0.132,0.869,0.234,1770422464476,70380.21
0.766,0.139,0.868,0.234,1770422464506,70380.21
0.766,0.139,0.861,0.234,1770422464507,70380.21
0.766,0.133,0.861,0.234,1770422464535,70380.21
0.766,0.142,0.867,0.234,1770422464573,70380.21
0.766,0.142,0.858,0.234,1770422464598,70380.21
0.766,0.135,0.858,0.234,1770422464798,70380.21
0.766,0.135,0.865,0.234,1770422464799,70380.21
0.766,0.136,0.865,0.234,1770422464817,70380.21
0.766,0.136,0.864,0.234,1770422464818,70380.21
0.766,0.143,0.864,0.234,1770422464860,70380.21
0.766,0.143,0.857,0.234,1770422464863,70380.21
0.766,0.138,0.857,0.234,1770422464920,70380.21
0.766,0.139,0.862,0.234,1770422464939,70380.21
0.766,0.139,0.861,0.234,1770422464940,70380.21
0.766,0.147,0.861,0.234,1770422464942,70380.21
0.766,0.139,0.853,0.234,1770422464969,70380.21
0.766,0.139,0.861,0.234,1770422464970,70380.21
0.766,0.1,0.861,0.234,1770422464973,70380.21
0.766,0.14,0.9,0.234,1770422464987,70380.21
0.766,0.148,0.86,0.234,1770422465024,70380.21
0.766,0.148,0.852,0.234,1770422465025,70380.21
0.766,0.142,0.852,0.234,1770422466308,70364.09
0.766,0.143,0.858,0.234,1770422466310,70364.09
0.766,0.152,0.857,0.234,1770422466344,70364.09
0.766,0.152,0.848,0.234,1770422466352,70364.09
0.766,0.151,0.848,0.234,1770422466533,70364.09
0.766,0.152,0.849,0.234,1770422466569,70364.09
0.766,0.152,0.848,0.234,1770422466570,70364.09
0.766,0.157,0.848,0.234,1770422466578,70364.09
0.766,0.157,0.843,0.234,1770422466598,70364.09
0.766,0.155,0.843,0.234,1770422467371,70344.97
0.766,0.158,0.845,0.234,1770422467420,70344.97
0.766,0.158,0.842,0.234,1770422467421,70344.97
0.75,0.158,0.842,0.234,1770422467941,70344.97
0.75,0.1,0.845,0.25,1770422468113,70344.97
0.75,0.154,0.9,0.25,1770422468114,70344.97
0.75,0.154,0.846,0.25,1770422468119,70344.97
0.75,0.1,0.846,0.25,1770422468204,70344.96
0.75,0.1,0.9,0.25,1770422468205,70344.96
0.75,0.17,0.845,0.25,1770422468217,70344.96
0.75,0.155,0.83,0.25,1770422468321,70344.96
0.75,0.155,0.845,0.25,1770422468348,70344.96
0.75,0.171,0.846,0.25,1770422468363,70344.96
0.75,0.171,0.829,0.25,1770422468364,70344.96
0.75,0.153,0.829,0.25,1770422468564,70344.96
0.75,0.153,0.847,0.25,1770422468565,70344.96
0.75,0.1,0.847,0.25,1770422468588,70344.96
0.75,0.154,0.9,0.25,1770422468589,70344.96
0.75,0.1,0.846,0.25,1770422468614,70344.96
0.75,0.101,0.9,0.25,1770422468615,70344.96
0.75,0.171,0.899,0.25,1770422468621,70344.96
0.75,0.171,0.829,0.25,1770422468659,70344.96
0.75,0.161,0.829,0.25,1770422472452,70362.59
0.75,0.1,0.839,0.25,1770422472494,70362.59
0.75,0.162,0.9,0.25,1770422472496,70362.59
0.75,0.162,0.838,0.25,1770422472520,70362.59
0.75,0.101,0.838,0.25,1770422472524,70362.59
0.75,0.173,0.899,0.25,1770422472568,70362.59
0.75,0.173,0.827,0.25,1770422472600,70362.59
0.75,0.1,0.827,0.25,1770422472647,70362.59
0.75,0.101,0.9,0.25,1770422472670,70362.59
0.75,0.174,0.899,0.25,1770422472682,70362.59
0.75,0.174,0.826,0.25,1770422472712,70362.59
0.75,0.165,0.826,0.25,1770422473061,70362.59
0.75,0.1,0.835,0.25,1770422473087,70362.59
0.75,0.167,0.9,0.25,1770422473090,70362.59
0.75,0.177,0.833,0.25,1770422473097,70362.59
0.75,0.167,0.823,0.25,1770422473130,70362.59
0.75,0.178,0.833,0.25,1770422473168,70362.59
0.75,0.178,0.822,0.25,1770422473212,70362.59
0.75,0.168,0.822,0.25,1770422473224,70330.18
0.75,0.171,0.832,0.25,1770422473260,70330.18
0.75,0.171,0.829,0.25,1770422473287,70330.18
0.75,0.1,0.829,0.25,1770422473288,70330.18
0.75,0.172,0.9,0.25,1770422473289,70330.18
0.75,0.177,0.828,0.25,1770422473343,70330.18
0.75,0.177,0.823,0.25,1770422473379,70330.18
0.75,0.176,0.823,0.25,1770422473425,70330.18
0.75,0.1,0.824,0.25,1770422473454,70330.18
0.75,0.177,0.9,0.25,1770422473456,70330.18
0.75,0.178,0.823,0.25,1770422473500,70330.18
0.75,0.178,0.822,0.25,1770422473501,70330.18
0.75,0.1,0.822,0.25,1770422473534,70330.18
0.75,0.179,0.9,0.25,1770422473541,70330.18
0.75,0.179,0.821,0.25,1770422473542,70330.18
0.75,0.18,0.821,0.25,1770422473578,70330.18
0.75,0.18,0.82,0.25,1770422473587,70330.18
0.75,0.1,0.82,0.25,1770422473607,70330.18
0.75,0.181,0.9,0.25,1770422473621,70330.18
0.75,0.192,0.819,0.25,1770422473625,70330.18
0.75,0.192,0.808,0.25,1770422473664,70330.18
0.75,0.185,0.808,0.25,1770422474025,70330.18
0.75,0.1,0.815,0.25,1770422474039,70330.18
0.75,0.186,0.9,0.25,1770422474041,70330.18
0.75,0.194,0.814,0.25,1770422474063,70330.18
0.75,0.194,0.806,0.25,1770422474064,70330.18
0.75,0.189,0.806,0.25,1770422474108,70330.18
0.75,0.1,0.811,0.25,1770422474112,70330.18
0.75,0.19,0.81,0.25,1770422474178,70330.18
0.75,0.1,0.814,0.25,1770422474202,70330.18
0.75,0.187,0.9,0.25,1770422474204,70330.18
0.75,0.1,0.813,0.25,1770422474260,70302.19
0.75,0.1,0.812,0.25,1770422474283,70302.19
0.75,0.101,0.9,0.25,1770422474286,70302.19
0.75,0.1,0.899,0.25,1770422474334,70302.19
0.75,0.102,0.9,0.25,1770422474338,70302.19
0.75,0.102,0.898,0.25,1770422474349,70302.19
0.75,0.103,0.898,0.25,1770422474363,70302.19
0.75,0.104,0.897,0.25,1770422474415,70302.19
0.75,0.104,0.896,0.25,1770422474423,70302.19
0.75,0.198,0.896,0.25,1770422474484,70302.19
0.75,0.198,0.802,0.25,1770422474486,70302.19
0.75,0.19,0.802,0.25,1770422474527,70302.19
0.75,0.105,0.81,0.25,1770422474559,70302.19
0.75,0.191,0.895,0.25,1770422474561,70302.19
0.75,0.191,0.809,0.25,1770422474582,70302.19
0.75,0.205,0.809,0.25,1770422474584,70302.19
0.75,0.191,0.795,0.25,1770422474613,70302.19
0.75,0.191,0.809,0.25,1770422474629,70302.19
0.75,0.1,0.809,0.25,1770422474636,70302.19
0.75,0.199,0.9,0.25,1770422474640,70302.19
0.75,0.199,0.801,0.25,1770422474662,70302.19
0.75,0.205,0.801,0.25,1770422474695,70302.19
0.75,0.205,0.795,0.25,1770422474756,70302.19
0.75,0.2,0.795,0.25,1770422474804,70302.19
0.75,0.2,0.8,0.25,1770422474819,70302.19
0.75,0.1,0.8,0.25,1770422474833,70302.19
0.75,0.201,0.9,0.25,1770422474840,70302.19
0.75,0.201,0.799,0.25,1770422474858,70302.19
0.75,0.1,0.799,0.25,1770422474863,70302.19
0.75,0.101,0.9,0.25,1770422474865,70302.19
0.75,0.207,0.899,0.25,1770422474870,70302.19
0.75,0.207,0.793,0.25,1770422474908,70302.19
0.75,0.2,0.793,0.25,1770422482201,70289.99
0.75,0.1,0.8,0.25,1770422482207,70289.99
0.75,0.202,0.9,0.25,1770422482211,70289.99
0.75,0.202,0.798,0.25,1770422482224,70289.99
0.75,0.207,0.798,0.25,1770422482295,70285.07
0.75,0.207,0.793,0.25,1770422482338,70285.07
0.75,0.2,0.793,0.25,1770422482778,70285.07
0.75,0.2,0.8,0.25,1770422482879,70285.07
0.75,0.206,0.801,0.25,1770422482890,70285.07
0.75,0.206,0.794,0.25,1770422483066,70285.07
0.75,0.2,0.794,0.25,1770422483084,70285.07
0.75,0.207,0.8,0.25,1770422483145,70285.07
0.75,0.207,0.793,0.25,1770422483146,70285.07
0.718,0.207,0.793,0.25,1770422483170,70285.07
0.718,0.207,0.793,0.282,1770422483171,70285.07
0.715,0.207,0.793,0.282,1770422486296,70309.14
0.715,0.207,0.793,0.285,1770422486297,70309.14
0.722,0.207,0.793,0.285,1770422486360,70309.14
0.722,0.207,0.793,0.278,1770422486361,70309.14
0.715,0.207,0.793,0.278,1770422486553,70309.14
0.715,0.207,0.793,0.285,1770422486638,70309.14
0.724,0.207,0.793,0.285,1770422486652,70309.14
0.724,0.162,0.793,0.276,1770422486653,70309.14
0.724,0.1,0.838,0.276,1770422486662,70309.14
0.724,0.1,0.839,0.276,1770422486684,70309.14
0.715,0.1,0.9,0.276,1770422486713,70309.14
0.715,0.101,0.9,0.285,1770422486718,70309.14
0.715,0.167,0.899,0.285,1770422486723,70309.14
0.715,0.167,0.833,0.285,1770422486746,70309.14
0.727,0.167,0.833,0.285,1770422486767,70309.14
0.727,0.167,0.833,0.273,1770422486769,70309.14
0.727,0.161,0.833,0.273,1770422486850,70309.14
0.727,0.1,0.839,0.273,1770422486921,70309.14
0.727,0.17,0.9,0.273,1770422486925,70309.14
0.727,0.17,0.83,0.273,1770422486926,70309.14
0.727,0.163,0.83,0.273,1770422486966,70309.14
0.727,0.162,0.837,0.273,1770422486973,70309.14
0.727,0.171,0.838,0.273,1770422487005,70309.14
0.727,0.171,0.829,0.273,1770422487023,70309.14
0.727,0.162,0.829,0.273,1770422487535,70329.99
0.727,0.174,0.838,0.273,1770422487573,70329.99
0.727,0.162,0.826,0.273,1770422487606,70329.99
0.727,0.1,0.838,0.273,1770422487607,70329.99
0.727,0.166,0.9,0.273,1770422487609,70329.99
0.727,0.166,0.834,0.273,1770422487628,70329.99
0.727,0.176,0.834,0.273,1770422487656,70329.99
0.727,0.176,0.824,0.273,1770422487733,70329.99
0.727,0.166,0.824,0.273,1770422488081,70329.99
0.727,0.17,0.834,0.273,1770422488097,70329.99
0.727,0.17,0.83,0.273,1770422488101,70329.99
0.727,0.183,0.83,0.273,1770422488122,70329.99
0.727,0.183,0.817,0.273,1770422488123,70329.99
0.727,0.172,0.817,0.273,1770422488180,70329.99
0.727,0.173,0.828,0.273,1770422488220,70329.99
0.727,0.173,0.827,0.273,1770422488224,70329.99
0.727,0.1,0.827,0.273,1770422488251,70329.99
0.727,0.174,0.9,0.273,1770422488253,70329.99
0.727,0.1,0.826,0.273,1770422488296,70328.19
0.727,0.1,0.9,0.273,1770422488297,70328.19
0.727,0.185,0.815,0.273,1770422488299,70328.19
0.727,0.175,0.815,0.273,1770422488958,70328.19
0.727,0.1,0.825,0.273,1770422488969,70328.19
0.727,0.1,0.9,0.273,1770422488970,70328.19
0.727,0.179,0.9,0.273,1770422488972,70328.19
0.727,0.189,0.821,0.273,1770422489065,70328.19
0.727,0.189,0.811,0.273,1770422489087,70328.19
0.727,0.181,0.811,0.273,1770422489976,70315.2
0.727,0.1,0.819,0.273,1770422489994,70315.2
0.727,0.1,0.816,0.273,1770422490110,70315.2
0.727,0.185,0.9,0.273,1770422490112,70315.2
0.727,0.194,0.815,0.273,1770422490124,70315.2
0.727,0.194,0.806,0.273,1770422490135,70315.2
0.727,0.188,0.806,0.273,1770422490299,70306.34
0.715,0.188,0.812,0.273,1770422490302,70306.34
0.715,0.195,0.812,0.285,1770422490319,70306.34
0.715,0.195,0.805,0.285,1770422490342,70306.34
0.715,0.1,0.805,0.285,1770422490366,70306.34
0.715,0.196,0.9,0.285,1770422490373,70306.34
0.715,0.211,0.804,0.285,1770422490431,70306.34
0.715,0.211,0.789,0.285,1770422490440,70306.34
0.715,0.207,0.789,0.285,1770422493015,70285.2
0.715,0.207,0.793,0.285,1770422493016,70285.2
0.715,0.1,0.793,0.285,1770422493027,70285.2
0.715,0.1,0.792,0.285,1770422493098,70285.2
0.715,0.209,0.9,0.285,1770422493099,70285.2
0.715,0.212,0.791,0.285,1770422493111,70285.2
0.715,0.209,0.788,0.285,1770422493253,70275.36
0.715,0.209,0.791,0.285,1770422493254,70275.36
0.715,0.1,0.791,0.285,1770422493331,70275.36
0.715,0.208,0.9,0.285,1770422493332,70275.36
0.715,0.212,0.792,0.285,1770422493344,70275.36
0.715,0.213,0.788,0.285,1770422493368,70275.36
0.715,0.213,0.787,0.285,1770422493378,70275.36
0.715,0.1,0.787,0.285,1770422493406,70275.36
0.715,0.214,0.786,0.285,1770422493407,70275.36
0.715,0.1,0.786,0.285,1770422493444,70275.36
0.715,0.215,0.9,0.285,1770422493462,70275.36
0.715,0.231,0.785,0.285,1770422493467,70275.36
0.715,0.231,0.769,0.285,1770422493482,70275.36
0.715,0.215,0.769,0.285,1770422493503,70275.36
0.715,0.101,0.785,0.285,1770422493529,70275.36
0.715,0.232,0.9,0.285,1770422493530,70275.36
0.715,0.232,0.768,0.285,1770422493556,70275.36
0.715,0.246,0.768,0.285,1770422493642,70275.36
0.715,0.246,0.754,0.285,1770422493654,70275.36
0.715,0.244,0.754,0.285,1770422494065,70275.36
0.715,0.244,0.756,0.285,1770422494066,70275.36
0.715,0.1,0.756,0.285,1770422494077,70275.36
0.715,0.243,0.9,0.285,1770422494081,70275.36
0.715,0.247,0.757,0.285,1770422494140,70275.36
0.715,0.247,0.753,0.285,1770422494244,70275.36
0.715,0.245,0.753,0.285,1770422494253,70275.36
0.715,0.245,0.755,0.285,1770422494261,70275.36
0.715,0.248,0.755,0.285,1770422494270,70275.36
0.715,0.248,0.752,0.285,1770422494311,70236.82
0.715,0.245,0.752,0.285,1770422494313,70236.82
0.715,0.1,0.755,0.285,1770422494324,70236.82
0.715,0.247,0.9,0.285,1770422494326,70236.82
0.715,0.247,0.753,0.285,1770422494343,70236.82
0.715,0.249,0.753,0.285,1770422494353,70236.82
0.715,0.249,0.751,0.285,1770422494388,70236.82
0.715,0.1,0.751,0.285,1770422494631,70236.82
0.715,0.25,0.9,0.285,1770422494633,70236.82
0.715,0.251,0.75,0.285,1770422494649,70236.82
0.715,0.251,0.749,0.285,1770422494757,70236.82
0.715,0.1,0.749,0.285,1770422495056,70236.82
0.715,0.251,0.9,0.285,1770422495075,70236.82
0.715,0.251,0.749,0.285,1770422495079,70236.82
0.715,0.101,0.749,0.285,1770422495098,70236.82
0.715,0.1,0.899,0.285,1770422495130,70236.82
0.715,0.1,0.9,0.285,1770422495131,70236.82
0.715,0.102,0.9,0.285,1770422495136,70236.82
0.715,0.253,0.898,0.285,1770422495161,70236.82
0.715,0.253,0.747,0.285,1770422495177,70236.82
0.715,0.251,0.747,0.285,1770422495214,70236.82
0.715,0.1,0.749,0.285,1770422495250,70226.83
0.715,0.252,0.9,0.285,1770422495256,70226.83
0.715,0.253,0.748,0.285,1770422495442,70226.83
0.715,0.253,0.747,0.285,1770422495443,70226.83
0.715,0.252,0.747,0.285,1770422495661,70226.83
0.715,0.1,0.748,0.285,1770422495746,70226.83
0.715,0.253,0.9,0.285,1770422495749,70226.83
0.715,0.254,0.747,0.285,1770422495764,70226.83
0.715,0.254,0.746,0.285,1770422495770,70226.83
0.715,0.253,0.746,0.285,1770422495808,70226.83
0.715,0.253,0.747,0.285,1770422495809,70226.83
0.715,0.253,0.747,0.3,1770422495826,70226.83
0.7,0.101,0.747,0.3,1770422495827,70226.83
0.7,0.267,0.745,0.3,1770422495855,70226.83
0.7,0.267,0.733,0.3,1770422495857,70226.83
0.7,0.268,0.733,0.3,1770422496078,70226.83
0.7,0.267,0.732,0.3,1770422496117,70226.83
0.7,0.269,0.733,0.3,1770422496120,70226.83
0.7,0.267,0.731,0.3,1770422496180,70226.83
0.7,0.268,0.733,0.3,1770422496193,70226.83
0.7,0.267,0.732,0.3,1770422496240,70209.28
0.7,0.267,0.733,0.3,1770422496241,70209.28
0.7,0.1,0.733,0.3,1770422496263,70209.28
0.7,0.1,0.9,0.3,1770422496264,70209.28
0.7,0.263,0.9,0.3,1770422496272,70209.28
0.7,0.263,0.737,0.3,1770422496275,70209.28
0.7,0.269,0.737,0.3,1770422496285,70209.28
0.7,0.269,0.731,0.3,1770422496286,70209.28
0.7,0.27,0.731,0.3,1770422496554,70209.28
0.7,0.27,0.73,0.3,1770422496582,70209.28
0.7,0.271,0.73,0.3,1770422496600,70209.28
0.7,0.271,0.729,0.3,1770422496605,70209.28
0.7,0.272,0.729,0.3,1770422496627,70209.28
0.7,0.272,0.728,0.3,1770422496628,70209.28
0.7,0.276,0.728,0.3,1770422496661,70209.28
0.7,0.276,0.724,0.3,1770422496677,70209.28
0.7,0.273,0.724,0.3,1770422496691,70209.28
0.7,0.1,0.727,0.3,1770422496703,70209.28
0.7,0.277,0.9,0.3,1770422496707,70209.28
0.7,0.277,0.723,0.3,1770422496717,70209.28
0.7,0.1,0.723,0.3,1770422496755,70209.28
0.7,0.1,0.9,0.3,1770422496756,70209.28
0.7,0.283,0.722,0.3,1770422496764,70209.28
0.7,0.283,0.717,0.3,1770422496765,70209.28
0.7,0.278,0.717,0.3,1770422497474,70208.91
0.7,0.278,0.722,0.3,1770422497475,70208.91
0.7,0.1,0.722,0.3,1770422497487,70208.91
0.7,0.279,0.9,0.3,1770422497488,70208.91
0.7,0.281,0.721,0.3,1770422497524,70208.91
0.7,0.281,0.719,0.3,1770422497529,70208.91
0.7,0.277,0.719,0.3,1770422497555,70208.91
0.7,0.1,0.723,0.3,1770422497560,70208.91
0.7,0.278,0.9,0.3,1770422497562,70208.91
0.7,0.278,0.722,0.3,1770422497563,70208.91
0.7,0.1,0.722,0.3,1770422497586,70208.91
0.7,0.282,0.9,0.3,1770422497600,70208.91
0.7,0.282,0.718,0.3,1770422497618,70208.91
0.7,0.268,0.718,0.3,1770422498185,70208.91
0.7,0.277,0.732,0.3,1770422498205,70208.91
0.7,0.277,0.723,0.3,1770422498207,70208.91
0.7,0.284,0.723,0.3,1770422498237,70207.75
0.7,0.284,0.716,0.3,1770422498269,70207.75
0.7,0.281,0.716,0.3,1770422498957,70207.75
0.7,0.155,0.719,0.3,1770422498961,70207.75
0.7,0.28,0.845,0.3,1770422498964,70207.75
0.7,0.155,0.72,0.3,1770422498986,70207.75
0.7,0.278,0.845,0.3,1770422499014,70207.75
0.7,0.278,0.722,0.3,1770422499036,70207.75
0.7,0.156,0.722,0.3,1770422499049,70207.75
0.7,0.156,0.844,0.3,1770422499050,70207.75
0.7,0.282,0.844,0.3,1770422499060,70207.75
0.7,0.282,0.718,0.3,1770422499063,70207.75
0.7,0.274,0.718,0.3,1770422499449,70198.92
0.7,0.155,0.726,0.3,1770422499464,70198.92
0.7,0.283,0.845,0.3,1770422499465,70198.92
0.7,0.283,0.717,0.3,1770422499484,70198.92
0.7,0.282,0.717,0.3,1770422499521,70198.92
0.7,0.285,0.718,0.3,1770422499537,70198.92
0.7,0.285,0.715,0.3,1770422499542,70198.92
0.7,0.276,0.715,0.3,1770422505850,70221.99
0.7,0.276,0.724,0.3,1770422505851,70221.99
0.7,0.27,0.724,0.3,1770422505856,70221.99
0.7,0.155,0.73,0.3,1770422505857,70221.99
0.7,0.155,0.72,0.3,1770422505883,70221.99
0.7,0.155,0.845,0.3,1770422505891,70221.99
0.7,0.156,0.845,0.3,1770422505933,70221.99
0.7,0.157,0.844,0.3,1770422505957,70221.99
0.7,0.157,0.843,0.3,1770422505958,70221.99
0.7,0.155,0.843,0.3,1770422505989,70221.99
0.7,0.158,0.845,0.3,1770422505990,70221.99
0.7,0.158,0.842,0.3,1770422506001,70221.99
0.7,0.279,0.842,0.3,1770422506004,70221.99
0.7,0.279,0.721,0.3,1770422506061,70221.99
0.7,0.277,0.721,0.3,1770422506068,70221.99
0.7,0.277,0.723,0.3,1770422506075,70221.99
0.7,0.282,0.723,0.3,1770422506141,70221.99
0.7,0.282,0.718,0.3,1770422506187,70221.99
0.7,0.277,0.718,0.3,1770422508444,70204.72
0.7,0.283,0.723,0.3,1770422508448,70204.72
0.7,0.283,0.717,0.3,1770422508456,70204.72
0.7,0.25,0.717,0.3,1770422508480,70204.72
0.7,0.284,0.75,0.3,1770422508484,70204.72
0.7,0.284,0.716,0.3,1770422508488,70204.72
0.7,0.289,0.716,0.3,1770422508544,70204.72
0.7,0.289,0.711,0.3,1770422508545,70204.72
0.7,0.285,0.711,0.3,1770422509177,70204.72
0.7,0.25,0.715,0.3,1770422509199,70204.72
0.7,0.286,0.75,0.3,1770422509206,70204.72
0.7,0.25,0.714,0.3,1770422509231,70204.72
0.7,0.251,0.75,0.3,1770422509278,70192.0
0.7,0.287,0.749,0.3,1770422509294,70192.0
0.7,0.287,0.713,0.3,1770422509307,70192.0
0.7,0.289,0.713,0.3,1770422509424,70192.0
0.7,0.289,0.711,0.3,1770422509611,70192.0
0.7,0.288,0.711,0.3,1770422509612,70192.0
0.7,0.25,0.712,0.3,1770422509673,70192.0
0.7,0.289,0.75,0.3,1770422509674,70192.0
0.7,0.25,0.711,0.3,1770422509697,70192.0
0.7,0.251,0.75,0.3,1770422509719,70192.0
0.7,0.25,0.749,0.3,1770422509747,70192.0
0.7,0.252,0.75,0.3,1770422509748,70192.0
0.7,0.253,0.748,0.3,1770422509791,70192.0
0.7,0.25,0.747,0.3,1770422509849,70192.0
0.7,0.254,0.75,0.3,1770422509856,70192.0
0.7,0.255,0.746,0.3,1770422509889,70192.0
0.7,0.256,0.745,0.3,1770422509947,70192.0
0.7,0.289,0.744,0.3,1770422509966,70192.0
0.7,0.289,0.711,0.3,1770422509981,70192.0
0.7,0.29,0.711,0.3,1770422510153,70192.0
0.7,0.29,0.71,0.3,1770422510155,70192.0
0.7,0.25,0.71,0.3,1770422510179,70192.0
0.7,0.293,0.711,0.3,1770422510208,70192.0
0.7,0.293,0.707,0.3,1770422510392,70188.94
0.7,0.29,0.707,0.3,1770422510404,70188.94
0.7,0.29,0.71,0.3,1770422510405,70188.94
0.7,0.294,0.71,0.3,1770422510424,70188.94
0.7,0.294,0.706,0.3,1770422510447,70188.94
0.7,0.25,0.706,0.3,1770422510469,70188.94
0.7,0.295,0.75,0.3,1770422510471,70188.94
0.7,0.295,0.705,0.3,1770422510476,70188.94
0.7,0.296,0.705,0.3,1770422510486,70188.94
0.7,0.296,0.704,0.3,1770422510550,70188.94
0.7,0.296,0.704,0.335,1770422515930,70208.01
0.665,0.296,0.704,0.335,1770422516094,70208.01
0.665,0.254,0.704,0.335,1770422518700,70213.82
0.665,0.254,0.746,0.335,1770422518703,70213.82
0.665,0.286,0.746,0.335,1770422518749,70213.82
0.665,0.286,0.714,0.335,1770422518824,70213.82
0.665,0.155,0.714,0.335,1770422523360,70220.0
0.665,0.155,0.78,0.335,1770422523380,70220.0
0.665,0.22,0.78,0.335,1770422523410,70220.0
0.665,0.239,0.78,0.335,1770422523416,70220.0
0.665,0.239,0.761,0.335,1770422523425,70220.0
0.665,0.246,0.761,0.335,1770422523458,70220.0
0.665,0.246,0.754,0.335,1770422523459,70220.0
0.667,0.246,0.754,0.335,1770422524842,70233.39
0.667,0.246,0.754,0.333,1770422524847,70233.39
0.665,0.246,0.754,0.333,1770422524878,70233.39
0.665,0.246,0.754,0.335,1770422524880,70233.39
0.669,0.246,0.754,0.335,1770422524941,70233.39
0.669,0.246,0.754,0.331,1770422524946,70233.39
0.665,0.246,0.754,0.331,1770422525073,70233.39
0.665,0.246,0.754,0.335,1770422525076,70233.39
0.677,0.246,0.754,0.335,1770422525140,70233.39
0.677,0.246,0.754,0.323,1770422525155,70233.39
0.665,0.246,0.754,0.323,1770422525306,70256.0
0.665,0.246,0.754,0.335,1770422525326,70256.0
0.681,0.246,0.754,0.335,1770422525357,70256.0
0.681,0.246,0.754,0.319,1770422525358,70256.0
0.681,0.203,0.754,0.319,1770422525495,70256.0
0.681,0.203,0.797,0.319,1770422525496,70256.0
0.665,0.203,0.797,0.319,1770422525499,70256.0
0.665,0.203,0.797,0.335,1770422525500,70256.0
0.665,0.2,0.797,0.335,1770422525511,70256.0
0.665,0.2,0.8,0.335,1770422525512,70256.0
0.665,0.2,0.884,0.335,1770422525514,70256.0
0.665,0.201,0.884,0.335,1770422525518,70256.0
0.665,0.201,0.799,0.335,1770422525519,70256.0
0.689,0.201,0.799,0.335,1770422525537,70256.0
0.689,0.116,0.799,0.311,1770422525541,70256.0
0.689,0.116,0.82,0.311,1770422525548,70256.0
0.689,0.199,0.82,0.311,1770422525573,70256.0
0.689,0.203,0.801,0.311,1770422525604,70256.0
0.689,0.203,0.797,0.311,1770422525605,70256.0
0.665,0.203,0.797,0.311,1770422525608,70256.0
0.665,0.203,0.797,0.335,1770422525614,70256.0
0.696,0.203,0.797,0.335,1770422525715,70256.0
0.696,0.203,0.797,0.304,1770422525764,70256.0
0.665,0.203,0.797,0.304,1770422525766,70256.0
0.665,0.203,0.797,0.335,1770422525782,70256.0
0.706,0.203,0.797,0.335,1770422525806,70256.0
0.706,0.203,0.797,0.294,1770422525812,70256.0
0.665,0.203,0.797,0.294,1770422526038,70256.0
0.665,0.203,0.797,0.335,1770422526073,70256.0
0.708,0.203,0.797,0.335,1770422526086,70256.0
0.708,0.203,0.797,0.292,1770422526101,70256.0
0.665,0.203,0.797,0.292,1770422526127,70256.0
0.665,0.203,0.797,0.335,1770422526128,70256.0
0.712,0.203,0.797,0.335,1770422526283,70303.0
0.712,0.203,0.797,0.288,1770422526288,70303.0
0.665,0.203,0.797,0.288,1770422526322,70303.0
0.665,0.203,0.797,0.335,1770422526342,70303.0
0.713,0.203,0.797,0.335,1770422526387,70303.0
0.713,0.203,0.797,0.287,1770422526425,70303.0
0.665,0.203,0.797,0.287,1770422526820,70303.0
0.665,0.203,0.797,0.335,1770422526821,70303.0
0.722,0.203,0.797,0.335,1770422526870,70303.0
0.722,0.203,0.797,0.278,1770422526956,70303.0
0.665,0.203,0.797,0.278,1770422526958,70303.0
0.665,0.203,0.797,0.335,1770422526981,70303.0
0.725,0.203,0.797,0.335,1770422526996,70303.0
0.725,0.203,0.797,0.275,1770422527007,70303.0
0.665,0.203,0.797,0.275,1770422527136,70303.0
0.665,0.203,0.797,0.335,1770422527146,70303.0
0.729,0.203,0.797,0.335,1770422527183,70303.0
0.729,0.203,0.797,0.271,1770422527184,70303.0
0.729,0.159,0.797,0.271,1770422527186,70303.0
0.729,0.159,0.83,0.271,1770422527187,70303.0
0.729,0.17,0.83,0.271,1770422527217,70303.0
0.729,0.173,0.83,0.271,1770422527772,70325.99
0.729,0.173,0.827,0.271,1770422527778,70325.99
0.665,0.173,0.827,0.271,1770422527999,70325.99
0.665,0.173,0.827,0.335,1770422528011,70325.99
0.734,0.173,0.827,0.335,1770422528044,70325.99
0.734,0.173,0.827,0.266,1770422528049,70325.99
0.665,0.173,0.827,0.266,1770422529694,70335.98
0.665,0.173,0.827,0.335,1770422529729,70335.98
0.741,0.173,0.827,0.335,1770422529734,70335.98
0.741,0.173,0.827,0.259,1770422529742,70335.98
0.665,0.173,0.827,0.259,1770422529769,70335.98
0.665,0.173,0.827,0.335,1770422529784,70335.98
0.75,0.173,0.827,0.335,1770422529798,70335.98
0.75,0.173,0.827,0.25,1770422529799,70335.98
0.665,0.173,0.827,0.25,1770422529831,70335.98
0.665,0.173,0.827,0.335,1770422529844,70335.98
0.753,0.173,0.827,0.335,1770422529871,70335.98
0.753,0.173,0.827,0.247,1770422529882,70335.98
0.665,0.173,0.827,0.247,1770422529916,70335.98
0.665,0.173,0.827,0.335,1770422529933,70335.98
0.752,0.173,0.827,0.335,1770422529966,70335.98
0.752,0.173,0.827,0.248,1770422529981,70335.98
0.665,0.173,0.827,0.248,1770422529992,70335.98
0.665,0.173,0.827,0.335,1770422529995,70335.98
0.759,0.173,0.827,0.335,1770422530061,70335.98
0.759,0.173,0.827,0.241,1770422530063,70335.98
0.759,0.14,0.827,0.241,1770422530108,70335.98
0.759,0.14,0.86,0.241,1770422530109,70335.98
0.665,0.14,0.86,0.335,1770422530125,70335.98
0.758,0.14,0.86,0.335,1770422530156,70335.98
0.758,0.14,0.86,0.242,1770422530157,70335.98
0.758,0.146,0.86,0.242,1770422530229,70335.98
0.758,0.146,0.854,0.242,1770422530230,70335.98
0.665,0.146,0.854,0.242,1770422530390,70378.01
0.665,0.146,0.854,0.335,1770422530404,70378.01
0.762,0.146,0.854,0.335,1770422530493,70378.01
0.762,0.146,0.854,0.238,1770422530516,70378.01
0.665,0.146,0.854,0.238,1770422530554,70378.01
0.665,0.146,0.854,0.335,1770422530560,70378.01
0.761,0.146,0.854,0.335,1770422530643,70378.01
0.761,0.146,0.854,0.239,1770422530658,70378.01
0.665,0.146,0.854,0.239,1770422530699,70378.01
0.665,0.146,0.854,0.335,1770422530700,70378.01
0.766,0.146,0.854,0.335,1770422530763,70378.01
0.766,0.146,0.854,0.234,1770422530769,70378.01
0.665,0.146,0.854,0.234,1770422530797,70378.01
0.665,0.146,0.854,0.335,1770422530809,70378.01
0.77,0.146,0.854,0.335,1770422530866,70378.01
0.77,0.146,0.854,0.23,1770422530884,70378.01
0.665,0.146,0.854,0.23,1770422530898,70378.01
0.665,0.146,0.854,0.335,1770422530901,70378.01
0.777,0.146,0.854,0.335,1770422530964,70378.01
0.777,0.146,0.854,0.223,1770422530968,70378.01
0.665,0.146,0.854,0.223,1770422530990,70378.01
0.665,0.146,0.854,0.335,1770422530992,70378.01
0.78,0.146,0.854,0.335,1770422531039,70378.01
0.78,0.146,0.854,0.22,1770422531077,70378.01
0.78,0.14,0.854,0.22,1770422531850,70418.07
0.78,0.14,0.86,0.22,1770422531869,70418.07
0.78,0.147,0.86,0.22,1770422531936,70418.07
0.78,0.147,0.853,0.22,1770422531983,70418.07
0.78,0.14,0.853,0.22,1770422532130,70418.07
0.78,0.14,0.86,0.22,1770422532143,70418.07
0.78,0.149,0.86,0.22,1770422532165,70418.07
0.78,0.149,0.851,0.22,1770422532182,70418.07
0.78,0.14,0.851,0.22,1770422532204,70371.71
0.78,0.14,0.86,0.22,1770422532218,70371.71
0.78,0.151,0.86,0.22,1770422532259,70371.71
0.78,0.151,0.849,0.22,1770422532283,70371.71
0.78,0.14,0.849,0.22,1770422532347,70371.71
0.665,0.14,0.86,0.22,1770422532353,70371.71
0.665,0.14,0.861,0.335,1770422532359,70371.71
0.665,0.14,0.86,0.335,1770422532366,70371.71
0.665,0.152,0.86,0.335,1770422532381,70371.71
0.665,0.152,0.848,0.335,1770422532382,70371.71
0.665,0.15,0.848,0.335,1770422532414,70371.71
0.742,0.15,0.85,0.335,1770422532419,70371.71
0.742,0.15,0.85,0.258,1770422532420,70371.71
0.742,0.158,0.85,0.258,1770422532455,70371.71
0.742,0.158,0.842,0.258,1770422532476,70371.71
0.742,0.153,0.842,0.258,1770422532540,70371.71
0.742,0.153,0.847,0.258,1770422532554,70371.71
0.742,0.164,0.847,0.258,1770422532664,70371.71
0.742,0.164,0.836,0.258,1770422532671,70371.71
0.742,0.159,0.836,0.258,1770422532706,70371.71
0.742,0.174,0.841,0.258,1770422532744,70371.71
0.742,0.174,0.826,0.258,1770422532745,70371.71
0.742,0.16,0.826,0.258,1770422532792,70371.71
0.742,0.16,0.84,0.258,1770422532809,70371.71
0.742,0.175,0.84,0.258,1770422532821,70371.71
0.742,0.175,0.825,0.258,1770422532822,70371.71
0.742,0.165,0.825,0.258,1770422533129,70371.71
0.742,0.166,0.835,0.258,1770422533156,70371.71
0.742,0.16,0.834,0.258,1770422533181,70371.71
0.742,0.16,0.9,0.258,1770422533190,70371.71
0.742,0.186,0.833,0.258,1770422533192,70371.71
0.742,0.186,0.814,0.258,1770422533219,70371.71
0.742,0.187,0.814,0.258,1770422533233,70371.71
0.665,0.187,0.813,0.335,1770422533246,70328.01
0.665,0.1,0.813,0.335,1770422533262,70328.01
0.665,0.188,0.9,0.335,1770422533263,70328.01
0.665,0.188,0.812,0.335,1770422533264,70328.01
0.726,0.188,0.812,0.335,1770422533267,70328.01
0.726,0.188,0.812,0.274,1770422533280,70328.01
0.726,0.189,0.812,0.274,1770422533307,70328.01
0.726,0.189,0.811,0.274,1770422533308,70328.01
0.726,0.198,0.802,0.274,1770422533338,70328.01
0.665,0.198,0.802,0.274,1770422540227,70306.29
0.727,0.198,0.802,0.335,1770422540263,70324.36
0.727,0.198,0.802,0.273,1770422540322,70324.36
0.727,0.184,0.802,0.273,1770422546117,70299.89
0.727,0.184,0.816,0.273,1770422546118,70299.89
0.727,0.18,0.816,0.273,1770422546119,70299.89
0.727,0.18,0.9,0.273,1770422546120,70299.89
0.727,0.192,0.9,0.273,1770422546121,70299.89
0.665,0.192,0.808,0.273,1770422546154,70299.89
0.665,0.192,0.808,0.335,1770422546158,70299.89
0.665,0.205,0.808,0.335,1770422546162,70299.89
0.665,0.205,0.795,0.335,1770422546163,70299.89
0.665,0.193,0.795,0.335,1770422546200,70299.89
0.665,0.204,0.807,0.335,1770422546204,70299.89
0.711,0.204,0.796,0.335,1770422546205,70299.89
0.711,0.204,0.796,0.289,1770422546247,70299.89
0.711,0.205,0.81,0.289,1770422546249,70299.89
0.711,0.215,0.795,0.289,1770422546260,70299.89
0.711,0.215,0.785,0.289,1770422546261,70299.89
0.711,0.21,0.785,0.289,1770422546735,70297.98
0.711,0.212,0.79,0.289,1770422546753,70297.98
0.665,0.212,0.788,0.289,1770422546759,70297.98
0.665,0.22,0.788,0.335,1770422546781,70297.98
0.665,0.22,0.78,0.335,1770422546802,70297.98
0.665,0.213,0.78,0.335,1770422546905,70297.98
0.671,0.213,0.787,0.335,1770422546906,70297.98
0.665,0.213,0.787,0.329,1770422547132,70297.98
0.665,0.213,0.787,0.335,1770422547133,70297.98
0.665,0.22,0.787,0.335,1770422547138,70297.98
0.665,0.22,0.78,0.335,1770422547170,70297.98
0.672,0.22,0.78,0.335,1770422547185,70297.98
0.665,0.22,0.78,0.328,1770422547270,70270.01
0.672,0.22,0.78,0.335,1770422547339,70270.01
0.672,0.22,0.78,0.328,1770422547582,70270.01
0.672,0.211,0.78,0.328,1770422547594,70270.01
0.665,0.211,0.789,0.328,1770422547631,70270.01
0.665,0.221,0.789,0.335,1770422547635,70270.01
0.673,0.221,0.779,0.335,1770422547717,70270.01
0.665,0.221,0.779,0.327,1770422547757,70270.01
0.665,0.221,0.779,0.335,1770422547898,70270.01
0.678,0.221,0.779,0.335,1770422547916,70270.01
0.678,0.221,0.779,0.322,1770422547921,70270.01
0.665,0.221,0.779,0.322,1770422547963,70270.01
0.665,0.221,0.779,0.335,1770422548003,70270.01
0.682,0.221,0.779,0.335,1770422548009,70270.01
0.682,0.221,0.779,0.318,1770422548312,70270.0
0.682,0.212,0.779,0.318,1770422548857,70270.0
0.682,0.222,0.788,0.318,1770422548933,70270.0
0.682,0.222,0.778,0.318,1770422549754,70270.0
0.682,0.216,0.778,0.318,1770422550024,70270.0
0.682,0.226,0.777,0.318,1770422550092,70270.0
0.682,0.226,0.774,0.318,1770422550093,70270.0
0.665,0.226,0.774,0.318,1770422552045,70257.22
0.665,0.226,0.774,0.335,1770422552060,70257.22
0.689,0.226,0.774,0.335,1770422552094,70257.22
0.689,0.226,0.774,0.311,1770422552103,70257.22
0.665,0.226,0.774,0.311,1770422552578,70276.0
0.665,0.226,0.774,0.335,1770422552587,70276.0
0.694,0.226,0.774,0.335,1770422552652,70276.0
0.694,0.226,0.774,0.306,1770422552666,70276.0
0.665,0.226,0.774,0.306,1770422552677,70276.0
0.665,0.226,0.774,0.335,1770422552678,70276.0
0.702,0.226,0.774,0.335,1770422552725,70276.0
0.702,0.226,0.774,0.298,1770422552726,70276.0
0.665,0.226,0.774,0.298,1770422553176,70276.0
0.665,0.226,0.774,0.335,1770422553306,70298.0
0.702,0.226,0.774,0.335,1770422553327,70298.0
0.702,0.226,0.774,0.298,1770422553366,70298.0
0.665,0.226,0.774,0.298,1770422557666,70295.93
0.665,0.226,0.774,0.335,1770422557680,70295.93
0.665,0.19,0.774,0.335,1770422557736,70295.93
0.665,0.19,0.81,0.335,1770422557737,70295.93
0.706,0.19,0.818,0.294,1770422557758,70295.93
0.665,0.182,0.818,0.294,1770422557787,70295.93
0.665,0.19,0.818,0.335,1770422557798,70295.93
0.665,0.19,0.81,0.335,1770422557799,70295.93
0.708,0.19,0.81,0.335,1770422557861,70295.93
0.708,0.19,0.81,0.292,1770422558161,70295.93
0.665,0.19,0.81,0.292,1770422559371,70300.0
0.665,0.19,0.81,0.335,1770422559376,70300.0
0.711,0.19,0.81,0.335,1770422559428,70300.0
0.711,0.19,0.81,0.289,1770422559446,70300.0
0.665,0.19,0.81,0.289,1770422559463,70300.0
0.665,0.19,0.81,0.335,1770422559475,70300.0
0.716,0.19,0.81,0.335,1770422559538,70300.0
0.716,0.19,0.81,0.284,1770422559580,70300.0
0.665,0.19,0.81,0.284,1770422560156,70300.0
0.665,0.19,0.81,0.335,1770422560157,70300.0
0.716,0.19,0.81,0.335,1770422560456,70317.62
0.665,0.19,0.81,0.284,1770422560487,70317.62
0.665,0.19,0.81,0.335,1770422560488,70317.62
0.719,0.19,0.81,0.335,1770422560602,70317.62
0.719,0.19,0.81,0.281,1770422560617,70317.62
0.665,0.19,0.81,0.281,1770422560638,70317.62
0.665,0.19,0.81,0.335,1770422560662,70317.62
0.72,0.19,0.81,0.335,1770422560678,70317.62
0.665,0.19,0.81,0.28,1770422560719,70317.62
0.665,0.19,0.81,0.335,1770422560749,70317.62
0.719,0.19,0.81,0.335,1770422560774,70317.62
0.719,0.19,0.81,0.281,1770422560784,70317.62
0.719,0.1,0.81,0.281,1770422562830,70315.57
0.719,0.182,0.9,0.281,1770422562836,70315.57
0.719,0.19,0.818,0.281,1770422562838,70315.57
0.719,0.19,0.81,0.281,1770422562850,70315.57
0.719,0.194,0.81,0.281,1770422562874,70315.57
0.719,0.194,0.806,0.281,1770422562884,70315.57
0.719,0.191,0.806,0.281,1770422562954,70315.57
0.719,0.19,0.809,0.281,1770422562961,70315.57
0.719,0.195,0.81,0.281,1770422562962,70315.57
0.719,0.19,0.805,0.281,1770422562987,70315.57
0.719,0.2,0.81,0.281,1770422562989,70315.57
0.719,0.2,0.8,0.281,1770422562990,70315.57
0.719,0.197,0.8,0.281,1770422563137,70315.57
0.719,0.19,0.803,0.281,1770422563154,70315.57
0.719,0.198,0.81,0.281,1770422563161,70315.57
0.719,0.202,0.802,0.281,1770422563178,70315.57
0.719,0.202,0.798,0.281,1770422563191,70315.57
0.665,0.202,0.798,0.281,1770422575436,70307.99
0.665,0.202,0.798,0.335,1770422575463,70307.99
0.719,0.202,0.798,0.335,1770422575604,70307.99
0.719,0.202,0.798,0.281,1770422575605,70307.99
0.665,0.202,0.798,0.281,1770422575627,70307.99
0.665,0.202,0.798,0.335,1770422575628,70307.99
0.72,0.202,0.798,0.335,1770422575721,70307.99
0.72,0.202,0.798,0.28,1770422575732,70307.99
0.665,0.202,0.798,0.28,1770422575749,70307.99
0.665,0.202,0.798,0.335,1770422575750,70307.99
0.721,0.202,0.798,0.335,1770422575792,70307.99
0.665,0.202,0.798,0.279,1770422575839,70307.99
0.665,0.202,0.798,0.335,1770422575864,70307.99
0.722,0.202,0.798,0.335,1770422575884,70307.99
0.722,0.202,0.798,0.278,1770422575981,70307.99
0.722,0.195,0.798,0.278,1770422577105,70316.73
0.722,0.19,0.805,0.278,1770422577124,70316.73
0.722,0.194,0.81,0.278,1770422577132,70316.73
0.722,0.194,0.806,0.278,1770422577133,70316.73
0.722,0.203,0.806,0.278,1770422577191,70316.73
0.722,0.203,0.797,0.278,1770422577192,70316.73
0.722,0.2,0.797,0.278,1770422579304,70290.0
0.722,0.2,0.8,0.278,1770422579305,70290.0
0.722,0.204,0.8,0.278,1770422579349,70290.0
0.722,0.204,0.796,0.278,1770422579367,70290.0
0.722,0.2,0.796,0.278,1770422580158,70290.0
0.722,0.2,0.8,0.278,1770422580162,70290.0
0.722,0.206,0.8,0.278,1770422580247,70290.0
0.722,0.206,0.794,0.278,1770422580248,70290.0
0.722,0.201,0.794,0.278,1770422580302,70290.01
0.722,0.2,0.799,0.278,1770422580303,70290.01
0.722,0.207,0.8,0.278,1770422580327,70290.01
0.722,0.207,0.793,0.278,1770422580365,70290.01
0.722,0.197,0.793,0.278,1770422585558,70295.99
0.665,0.197,0.803,0.278,1770422585575,70295.99
0.665,0.197,0.803,0.335,1770422585576,70295.99
0.665,0.203,0.803,0.335,1770422585580,70295.99
0.665,0.203,0.797,0.335,1770422585585,70295.99
0.665,0.211,0.797,0.335,1770422585594,70295.99
0.665,0.211,0.789,0.335,1770422585605,70295.99
0.665,0.204,0.789,0.335,1770422585658,70295.99
0.665,0.19,0.796,0.335,1770422585665,70295.99
0.665,0.206,0.81,0.335,1770422585667,70295.99
0.665,0.19,0.794,0.335,1770422585722,70295.99
0.665,0.19,0.81,0.335,1770422585723,70295.99
0.681,0.2,0.8,0.335,1770422585724,70295.99
0.681,0.19,0.8,0.319,1770422585727,70295.99
0.665,0.19,0.81,0.319,1770422585739,70295.99
0.665,0.207,0.81,0.335,1770422585753,70295.99
0.665,0.207,0.793,0.335,1770422585754,70295.99
0.689,0.207,0.793,0.335,1770422585775,70295.99
0.689,0.207,0.793,0.311,1770422585787,70295.99
0.665,0.207,0.793,0.311,1770422585805,70295.99
0.665,0.207,0.793,0.335,1770422585815,70295.99
0.694,0.207,0.793,0.335,1770422585850,70295.99
0.694,0.207,0.793,0.306,1770422585881,70295.99
0.665,0.207,0.793,0.306,1770422585908,70295.99
0.665,0.207,0.793,0.335,1770422585967,70295.99
0.696,0.207,0.793,0.335,1770422585971,70295.99
0.696,0.207,0.793,0.304,1770422585979,70295.99
0.665,0.207,0.793,0.304,1770422586018,70295.99
0.7,0.207,0.793,0.335,1770422586088,70295.99
0.7,0.207,0.793,0.3,1770422586347,70292.56
0.665,0.207,0.793,0.3,1770422586425,70292.56
0.665,0.207,0.793,0.335,1770422586554,70292.56
0.702,0.207,0.793,0.335,1770422586569,70292.56
0.702,0.207,0.793,0.298,1770422586577,70292.56
0.665,0.207,0.793,0.298,1770422586629,70292.56
0.703,0.207,0.793,0.335,1770422586671,70292.56
0.703,0.207,0.793,0.297,1770422586707,70292.56
0.665,0.207,0.793,0.297,1770422587211,70292.56
0.665,0.207,0.793,0.335,1770422587212,70292.56
0.705,0.207,0.793,0.335,1770422587383,70292.58
0.705,0.207,0.793,0.295,1770422587823,70292.58
0.665,0.207,0.793,0.295,1770422587879,70292.58
0.665,0.207,0.793,0.335,1770422587880,70292.58
0.707,0.207,0.793,0.335,1770422587911,70292.58
0.707,0.207,0.793,0.293,1770422587917,70292.58
0.665,0.207,0.793,0.293,1770422588100,70292.58
0.711,0.207,0.793,0.335,1770422588518,70304.0
0.711,0.207,0.793,0.289,1770422588909,70304.0
0.665,0.207,0.793,0.289,1770422589794,70304.0
0.665,0.207,0.793,0.335,1770422589801,70304.0
0.711,0.207,0.793,0.335,1770422589879,70304.0
0.711,0.207,0.793,0.289,1770422589962,70304.0
0.665,0.207,0.793,0.289,1770422590271,70303.99
0.665,0.207,0.793,0.335,1770422590281,70303.99
0.714,0.207,0.793,0.335,1770422590333,70303.99
0.714,0.207,0.793,0.286,1770422590355,70303.99
0.665,0.207,0.793,0.286,1770422590367,70303.99
0.665,0.207,0.793,0.335,1770422590384,70303.99
0.72,0.207,0.793,0.335,1770422590429,70303.99
0.72,0.207,0.793,0.28,1770422590512,70303.99
0.665,0.207,0.793,0.28,1770422590807,70303.99
0.665,0.207,0.793,0.335,1770422590907,70303.99
0.72,0.207,0.793,0.335,1770422590953,70303.99
0.72,0.207,0.793,0.28,1770422590954,70303.99
0.665,0.207,0.793,0.28,1770422591036,70303.99
0.665,0.207,0.793,0.335,1770422591168,70303.99
0.724,0.207,0.793,0.335,1770422591233,70317.24
0.724,0.17,0.793,0.276,1770422591240,70317.24
0.724,0.17,0.83,0.276,1770422591241,70317.24
0.724,0.17,0.84,0.276,1770422591253,70317.24
0.724,0.16,0.84,0.276,1770422591276,70317.24
0.665,0.16,0.84,0.276,1770422591325,70317.24
0.665,0.167,0.84,0.335,1770422591327,70317.24
0.665,0.167,0.833,0.335,1770422591339,70317.24
0.736,0.167,0.833,0.335,1770422591364,70317.24
0.736,0.167,0.833,0.264,1770422591365,70317.24
0.665,0.167,0.833,0.264,1770422591399,70317.24
0.665,0.167,0.833,0.335,1770422591438,70317.24
0.74,0.167,0.833,0.335,1770422591447,70317.24
0.74,0.167,0.833,0.26,1770422591464,70317.24
0.665,0.167,0.833,0.26,1770422591866,70317.24
0.665,0.167,0.833,0.335,1770422591890,70317.24
0.741,0.167,0.833,0.335,1770422591901,70317.24
0.741,0.167,0.833,0.259,1770422592001,70317.24
0.665,0.167,0.833,0.259,1770422592788,70345.14
0.665,0.167,0.833,0.335,1770422592789,70345.14
0.745,0.167,0.833,0.335,1770422592832,70345.14
0.745,0.167,0.833,0.255,1770422592835,70345.14
0.665,0.167,0.833,0.255,1770422592897,70345.14
0.665,0.167,0.833,0.335,1770422592898,70345.14
0.75,0.167,0.833,0.335,1770422592932,70345.14
0.75,0.167,0.833,0.25,1770422592968,70345.14
0.75,0.157,0.833,0.25,1770422594946,70350.1
0.75,0.15,0.843,0.25,1770422594966,70350.1
0.75,0.158,0.85,0.25,1770422594967,70350.1
0.75,0.158,0.842,0.25,1770422595171,70350.1
0.75,0.157,0.842,0.25,1770422595172,70350.1
0.75,0.17,0.843,0.25,1770422595179,70350.1
0.75,0.17,0.83,0.25,1770422595180,70350.1
0.75,0.157,0.83,0.25,1770422595862,70339.24
0.75,0.157,0.843,0.25,1770422595863,70339.24
0.75,0.15,0.843,0.25,1770422595867,70339.24
0.75,0.161,0.85,0.25,1770422595869,70339.24
0.75,0.17,0.839,0.25,1770422595922,70339.24
0.75,0.17,0.83,0.25,1770422595954,70339.24
0.75,0.161,0.83,0.25,1770422596242,70331.56
0.75,0.172,0.839,0.25,1770422596470,70331.56
0.75,0.172,0.828,0.25,1770422596555,70331.56
0.75,0.162,0.828,0.25,1770422596562,70331.56
0.75,0.15,0.838,0.25,1770422596582,70331.56
0.75,0.163,0.85,0.25,1770422596585,70331.56
0.75,0.175,0.837,0.25,1770422596600,70331.56
0.75,0.163,0.825,0.25,1770422596629,70331.56
0.75,0.164,0.837,0.25,1770422596631,70331.56
0.75,0.15,0.836,0.25,1770422596664,70331.56
0.75,0.177,0.832,0.25,1770422596841,70331.56
0.75,0.177,0.823,0.25,1770422596895,70331.56
0.75,0.167,0.823,0.25,1770422597084,70331.56
0.75,0.16,0.833,0.25,1770422597120,70331.56
0.75,0.16,0.84,0.25,1770422597121,70331.56
0.75,0.168,0.84,0.25,1770422597123,70331.56
0.75,0.179,0.832,0.25,1770422597136,70331.56
0.75,0.179,0.821,0.25,1770422597152,70331.56
0.665,0.179,0.821,0.25,1770422597465,70321.71
0.735,0.169,0.831,0.335,1770422597514,70321.71
0.735,0.16,0.831,0.265,1770422597530,70321.71
0.735,0.17,0.84,0.265,1770422597532,70321.71
0.735,0.16,0.83,0.265,1770422597556,70321.71
0.735,0.171,0.84,0.265,1770422597559,70321.71
0.735,0.187,0.829,0.265,1770422597576,70321.71
0.735,0.187,0.813,0.265,1770422597605,70321.71
0.665,0.187,0.813,0.265,1770422602847,70327.99
0.665,0.187,0.813,0.335,1770422602861,70327.99
0.737,0.187,0.813,0.335,1770422602952,70327.99
0.665,0.187,0.813,0.263,1770422603004,70327.99
0.665,0.187,0.813,0.335,1770422603167,70327.99
0.739,0.187,0.813,0.335,1770422603176,70327.99
0.739,0.187,0.813,0.261,1770422603197,70327.99
0.665,0.187,0.813,0.261,1770422606428,70343.99
0.665,0.187,0.813,0.335,1770422606449,70343.99
0.743,0.187,0.813,0.335,1770422606469,70343.99
0.743,0.187,0.813,0.257,1770422606470,70343.99
0.665,0.187,0.813,0.257,1770422606532,70343.99
0.665,0.187,0.813,0.335,1770422606533,70343.99
0.744,0.187,0.813,0.335,1770422606935,70343.99
0.744,0.187,0.813,0.256,1770422606951,70343.99
0.665,0.187,0.813,0.256,1770422606961,70343.99
0.665,0.14,0.813,0.335,1770422606962,70343.99
0.665,0.14,0.86,0.335,1770422607001,70343.99
0.746,0.14,0.86,0.335,1770422607016,70343.99
0.746,0.14,0.86,0.254,1770422607152,70343.99
0.746,0.148,0.86,0.254,1770422607530,70352.01
0.665,0.148,0.852,0.335,1770422607534,70352.01
0.748,0.148,0.852,0.335,1770422607569,70352.01
0.748,0.148,0.852,0.252,1770422607570,70352.01
0.665,0.148,0.852,0.252,1770422608170,70352.01
0.75,0.148,0.852,0.335,1770422608220,70363.24
0.75,0.148,0.852,0.25,1770422608343,70363.24
0.665,0.148,0.852,0.25,1770422608382,70363.24
0.665,0.148,0.852,0.335,1770422608416,70363.24
0.751,0.148,0.852,0.335,1770422609204,70363.24
0.751,0.148,0.852,0.249,1770422609547,70363.23
0.665,0.148,0.852,0.249,1770422609675,70363.23
0.665,0.148,0.852,0.335,1770422609686,70363.23
0.754,0.148,0.852,0.335,1770422609721,70363.23
0.754,0.148,0.852,0.246,1770422609745,70363.23
0.665,0.148,0.852,0.246,1770422609752,70363.23
0.665,0.148,0.852,0.335,1770422609753,70363.23
0.756,0.148,0.852,0.335,1770422609966,70363.23
0.756,0.148,0.852,0.244,1770422609972,70363.23
0.665,0.148,0.852,0.244,1770422609979,70363.23
0.665,0.148,0.852,0.335,1770422609993,70363.23
0.757,0.148,0.852,0.335,1770422610013,70363.23
0.757,0.148,0.852,0.243,1770422610028,70363.23
0.665,0.148,0.852,0.243,1770422610049,70363.23
0.665,0.148,0.852,0.335,1770422610076,70363.23
0.758,0.148,0.852,0.335,1770422610083,70363.23
0.665,0.148,0.852,0.242,1770422610345,70373.1
0.665,0.148,0.852,0.335,1770422610346,70373.1
0.76,0.148,0.852,0.335,1770422610567,70373.1
0.76,0.148,0.852,0.24,1770422610568,70373.1
0.665,0.148,0.852,0.24,1770422610612,70373.1
0.665,0.148,0.852,0.335,1770422610613,70373.1
0.762,0.148,0.852,0.335,1770422610672,70373.1
0.762,0.148,0.852,0.238,1770422610713,70373.1
0.665,0.148,0.852,0.238,1770422610919,70373.1
0.665,0.148,0.852,0.335,1770422610920,70373.1
0.765,0.148,0.852,0.335,1770422610957,70373.1
0.765,0.148,0.852,0.235,1770422610968,70373.1
0.765,0.135,0.852,0.235,1770422613661,70368.49
0.765,0.136,0.865,0.235,1770422613681,70368.49
0.765,0.15,0.864,0.235,1770422613700,70368.49
0.765,0.15,0.85,0.235,1770422613731,70368.49
0.765,0.137,0.85,0.235,1770422613752,70368.49
0.765,0.13,0.863,0.235,1770422613758,70368.49
0.765,0.139,0.87,0.235,1770422613759,70368.49
0.765,0.13,0.861,0.235,1770422613828,70368.49
0.765,0.138,0.87,0.235,1770422613829,70368.49
0.765,0.151,0.862,0.235,1770422613838,70368.49
0.765,0.151,0.849,0.235,1770422613839,70368.49
0.765,0.138,0.849,0.235,1770422615478,70364.9
0.765,0.138,0.862,0.235,1770422615829,70364.9
0.765,0.137,0.862,0.235,1770422615831,70364.9
0.765,0.151,0.863,0.235,1770422615844,70364.9
0.765,0.151,0.849,0.235,1770422616220,70364.9
0.765,0.188,0.849,0.235,1770422617244,70364.91
0.765,0.188,0.812,0.235,1770422617323,70374.0
0.665,0.188,0.812,0.235,1770422623407,70364.44
0.665,0.188,0.812,0.335,1770422623408,70364.44
0.728,0.188,0.812,0.335,1770422623691,70364.44
0.728,0.188,0.812,0.272,1770422623899,70364.44
0.665,0.188,0.812,0.272,1770422625664,70322.21
0.665,0.188,0.812,0.335,1770422625675,70322.21
0.731,0.188,0.812,0.335,1770422625708,70322.21
0.731,0.188,0.812,0.269,1770422625884,70322.21
0.665,0.188,0.812,0.269,1770422627605,70330.94
0.665,0.188,0.812,0.335,1770422627621,70330.94
0.734,0.188,0.812,0.335,1770422627642,70330.94
0.734,0.188,0.812,0.266,1770422627669,70330.94
0.665,0.188,0.812,0.266,1770422627821,70330.94
0.665,0.188,0.812,0.335,1770422627822,70330.94
0.737,0.188,0.812,0.335,1770422627875,70330.94
0.737,0.188,0.812,0.263,1770422627964,70330.94
0.665,0.188,0.812,0.263,1770422627965,70330.94
0.665,0.188,0.812,0.335,1770422627985,70330.94
0.738,0.188,0.812,0.335,1770422628060,70330.94
0.738,0.188,0.812,0.262,1770422628143,70330.94
0.665,0.188,0.812,0.262,1770422628742,70339.14
0.665,0.188,0.812,0.335,1770422628746,70339.14
0.741,0.188,0.812,0.335,1770422628847,70339.14
0.741,0.188,0.812,0.259,1770422628928,70339.14
0.665,0.188,0.812,0.259,1770422629022,70339.14
0.665,0.188,0.812,0.335,1770422629027,70339.14
0.744,0.188,0.812,0.335,1770422629067,70339.14
0.744,0.188,0.812,0.256,1770422629077,70339.14
0.665,0.188,0.812,0.256,1770422629378,70352.0
0.665,0.188,0.812,0.335,1770422629379,70352.0
0.744,0.188,0.812,0.335,1770422629475,70352.0
0.744,0.188,0.812,0.256,1770422629477,70352.0
0.665,0.188,0.812,0.256,1770422632460,70319.25
0.665,0.188,0.812,0.335,1770422632464,70319.25
0.73,0.188,0.812,0.335,1770422632498,70319.25
0.73,0.188,0.812,0.27,1770422632499,70319.25
0.73,0.189,0.812,0.27,1770422632510,70319.25
0.73,0.188,0.811,0.27,1770422632534,70319.25
0.73,0.19,0.812,0.27,1770422632538,70319.25
0.73,0.197,0.81,0.27,1770422632546,70319.25
0.73,0.197,0.803,0.27,1770422632562,70319.25
0.665,0.197,0.803,0.27,1770422632570,70319.25
0.665,0.191,0.803,0.335,1770422632578,70319.25
0.665,0.191,0.809,0.335,1770422632595,70319.25
0.665,0.188,0.809,0.335,1770422632596,70319.25
0.726,0.188,0.812,0.335,1770422632608,70319.25
0.726,0.188,0.812,0.274,1770422632609,70319.25
0.726,0.192,0.812,0.274,1770422632610,70319.25
0.726,0.193,0.808,0.274,1770422632634,70319.25
0.726,0.193,0.807,0.274,1770422632637,70319.25
0.726,0.201,0.807,0.274,1770422632650,70319.25
0.726,0.201,0.799,0.274,1770422632651,70319.25
0.726,0.194,0.799,0.274,1770422632686,70319.25
0.665,0.194,0.806,0.274,1770422632705,70319.25
0.665,0.202,0.806,0.335,1770422632710,70319.25
0.665,0.202,0.798,0.335,1770422632711,70319.25
0.665,0.21,0.798,0.335,1770422632733,70319.25
0.665,0.21,0.79,0.335,1770422632741,70319.25
0.683,0.21,0.79,0.335,1770422632776,70319.25
0.683,0.21,0.79,0.317,1770422632788,70319.25
0.665,0.21,0.79,0.317,1770422632844,70319.25
0.665,0.21,0.79,0.335,1770422632973,70319.25
0.684,0.21,0.79,0.335,1770422633114,70319.25
0.684,0.21,0.79,0.316,1770422633122,70319.25
0.684,0.208,0.79,0.316,1770422633134,70319.25
0.684,0.188,0.792,0.316,1770422633179,70319.25
0.684,0.209,0.812,0.316,1770422633184,70319.25
0.684,0.213,0.791,0.316,1770422633186,70319.25
0.665,0.213,0.787,0.316,1770422633205,70319.25
0.665,0.213,0.787,0.335,1770422633208,70319.25
0.69,0.213,0.787,0.335,1770422633248,70268.07
0.69,0.213,0.787,0.31,1770422633256,70268.07
0.665,0.213,0.787,0.31,1770422633274,70268.07
0.665,0.213,0.787,0.335,1770422633276,70268.07
0.695,0.213,0.787,0.335,1770422633319,70268.07
0.695,0.213,0.787,0.305,1770422633340,70268.07
0.665,0.213,0.787,0.305,1770422633348,70268.07
0.665,0.213,0.787,0.335,1770422633350,70268.07
0.697,0.213,0.787,0.335,1770422633396,70268.07
0.697,0.213,0.787,0.303,1770422633433,70268.07
0.665,0.213,0.787,0.303,1770422633440,70268.07
0.665,0.213,0.787,0.335,1770422633458,70268.07
0.704,0.213,0.787,0.335,1770422633559,70268.07
0.704,0.213,0.787,0.296,1770422633564,70268.07
0.665,0.213,0.787,0.296,1770422633618,70268.07
0.665,0.213,0.787,0.335,1770422633650,70268.07
0.706,0.213,0.787,0.335,1770422633729,70268.07
0.706,0.213,0.787,0.294,1770422633730,70268.07
0.665,0.213,0.787,0.294,1770422633898,70268.07
0.665,0.213,0.787,0.335,1770422634138,70268.07
0.707,0.213,0.787,0.335,1770422634155,70268.07
0.707,0.213,0.787,0.293,1770422634161,70268.07
0.665,0.213,0.787,0.293,1770422635534,70293.02
0.665,0.213,0.787,0.335,1770422635551,70293.02
0.709,0.213,0.787,0.335,1770422635573,70293.02
0.665,0.213,0.787,0.291,1770422635601,70293.02
0.665,0.213,0.787,0.335,1770422635604,70293.02
0.712,0.213,0.787,0.335,1770422635637,70293.02
0.712,0.213,0.787,0.288,1770422635638,70293.02
0.665,0.213,0.787,0.288,1770422635768,70293.02
0.665,0.213,0.787,0.335,1770422635779,70293.02
0.715,0.213,0.787,0.335,1770422635813,70293.02
0.715,0.213,0.787,0.285,1770422635990,70293.02
0.665,0.213,0.787,0.285,1770422642357,70288.06
0.716,0.213,0.787,0.335,1770422642396,70288.06
0.716,0.213,0.787,0.284,1770422642641,70288.06
0.665,0.213,0.787,0.284,1770422647027,70307.97
0.665,0.213,0.787,0.335,1770422647028,70307.97
0.718,0.213,0.787,0.335,1770422647278,70307.97
0.718,0.213,0.787,0.282,1770422647279,70307.97
0.718,0.188,0.787,0.282,1770422648015,70307.97
0.665,0.188,0.812,0.282,1770422648016,70307.97
0.665,0.188,0.812,0.335,1770422648050,70307.97
0.72,0.188,0.812,0.335,1770422648060,70307.97
0.72,0.188,0.812,0.28,1770422648147,70307.97
0.665,0.188,0.812,0.28,1770422648170,70307.97
0.665,0.188,0.812,0.335,1770422648171,70307.97
0.721,0.188,0.812,0.335,1770422648224,70307.97
0.721,0.188,0.812,0.279,1770422648225,70307.97
0.665,0.188,0.812,0.279,1770422649346,70311.45
0.723,0.188,0.812,0.335,1770422649442,70311.45
0.723,0.188,0.812,0.277,1770422649542,70311.45
0.665,0.188,0.812,0.277,1770422649862,70311.45
0.665,0.188,0.812,0.335,1770422649863,70311.45
0.727,0.188,0.812,0.335,1770422649906,70311.45
0.727,0.188,0.812,0.273,1770422650528,70312.0
0.727,0.19,0.812,0.273,1770422652162,70309.75
0.727,0.19,0.81,0.273,1770422652180,70309.75
0.727,0.188,0.81,0.273,1770422652356,70294.06
0.727,0.188,0.812,0.273,1770422652357,70294.06
0.727,0.191,0.812,0.273,1770422652365,70294.06
0.727,0.194,0.809,0.273,1770422652378,70294.06
0.727,0.194,0.806,0.273,1770422652384,70294.06
0.727,0.188,0.806,0.273,1770422652773,70294.06
0.727,0.195,0.812,0.273,1770422652784,70294.06
0.727,0.196,0.805,0.273,1770422652901,70294.06
0.727,0.196,0.804,0.273,1770422652929,70294.06
0.727,0.195,0.804,0.273,1770422653322,70285.92
0.727,0.188,0.805,0.273,1770422653339,70285.92
0.727,0.189,0.812,0.273,1770422653369,70285.92
0.727,0.196,0.811,0.273,1770422653370,70285.92
0.727,0.196,0.804,0.273,1770422653396,70285.92
0.727,0.19,0.804,0.273,1770422653470,70285.92
0.727,0.19,0.81,0.273,1770422653491,70285.92
0.727,0.188,0.81,0.273,1770422653493,70285.92
0.727,0.191,0.812,0.273,1770422653502,70285.92
0.727,0.197,0.809,0.273,1770422653514,70285.92
0.727,0.197,0.803,0.273,1770422653515,70285.92
0.727,0.188,0.803,0.273,1770422655725,70285.93
0.727,0.188,0.812,0.273,1770422655726,70285.93
0.727,0.195,0.812,0.273,1770422655727,70285.93
0.727,0.195,0.805,0.273,1770422655749,70285.93
0.727,0.201,0.805,0.273,1770422655789,70285.93
0.727,0.201,0.799,0.273,1770422655794,70285.93
0.727,0.202,0.799,0.273,1770422655895,70285.93
0.727,0.201,0.798,0.273,1770422655938,70285.93
0.727,0.201,0.797,0.273,1770422655986,70285.93
0.727,0.201,0.799,0.273,1770422655987,70285.93
0.727,0.204,0.796,0.273,1770422655999,70285.93
0.727,0.205,0.796,0.273,1770422656109,70285.93
0.727,0.205,0.795,0.273,1770422656324,70272.4
0.727,0.204,0.795,0.273,1770422664982,70290.0
0.727,0.206,0.796,0.273,1770422664999,70290.0
0.727,0.206,0.794,0.273,1770422665008,70290.0
0.727,0.188,0.794,0.273,1770422676993,70310.46
0.727,0.188,0.812,0.273,1770422676998,70310.46
0.665,0.188,0.812,0.273,1770422681629,70313.98
0.665,0.188,0.812,0.335,1770422681638,70313.98
0.734,0.188,0.812,0.335,1770422681670,70313.98
0.734,0.188,0.812,0.266,1770422681688,70313.98
0.665,0.188,0.812,0.266,1770422682924,70327.84
0.737,0.188,0.812,0.335,1770422683282,70327.83
0.737,0.188,0.812,0.263,1770422683320,70327.83
0.665,0.188,0.812,0.263,1770422683615,70327.83
0.665,0.188,0.812,0.335,1770422683624,70327.83
0.741,0.188,0.812,0.335,1770422683670,70327.83
0.741,0.188,0.812,0.259,1770422683674,70327.83
0.665,0.188,0.812,0.259,1770422683729,70327.83
0.665,0.188,0.812,0.335,1770422683767,70327.83
0.741,0.188,0.812,0.335,1770422683916,70327.83
0.741,0.188,0.812,0.259,1770422684315,70332.76
0.665,0.188,0.812,0.259,1770422684591,70332.76
0.665,0.188,0.812,0.335,1770422684599,70332.76
0.743,0.188,0.812,0.335,1770422684774,70332.76
0.743,0.188,0.812,0.257,1770422684845,70332.76
0.727,0.188,0.812,0.257,1770422692765,70305.37
0.727,0.188,0.812,0.273,1770422692766,70305.37
0.727,0.189,0.812,0.273,1770422692781,70305.37
0.727,0.189,0.811,0.273,1770422692782,70305.37
0.727,0.188,0.811,0.273,1770422692993,70305.37
0.727,0.188,0.812,0.273,1770422692994,70305.37
0.727,0.19,0.812,0.273,1770422693009,70305.37
0.727,0.19,0.81,0.273,1770422693291,70294.01
0.727,0.191,0.81,0.273,1770422693537,70294.01
0.727,0.191,0.809,0.273,1770422693567,70294.01
0.727,0.192,0.809,0.273,1770422693615,70294.01
0.727,0.192,0.808,0.273,1770422693616,70294.01
0.727,0.193,0.808,0.273,1770422694191,70294.01
0.727,0.193,0.807,0.273,1770422694419,70290.6
0.727,0.192,0.807,0.273,1770422695009,70290.6
0.727,0.192,0.808,0.273,1770422695010,70290.6
0.727,0.194,0.808,0.273,1770422695011,70290.6
0.727,0.192,0.806,0.273,1770422695090,70290.6
0.727,0.197,0.808,0.273,1770422695091,70290.6
0.727,0.195,0.803,0.273,1770422695175,70290.6
0.727,0.188,0.805,0.273,1770422695184,70290.6
0.727,0.198,0.802,0.273,1770422695205,70290.6
0.727,0.189,0.802,0.273,1770422695259,70277.1
0.727,0.199,0.811,0.273,1770422695262,70277.1
0.727,0.199,0.801,0.273,1770422695270,70277.1
0.727,0.188,0.801,0.273,1770422695335,70277.1
0.727,0.201,0.8,0.273,1770422695412,70277.1
0.727,0.201,0.799,0.273,1770422695423,70277.1
0.727,0.202,0.799,0.273,1770422696314,70275.68
0.727,0.202,0.798,0.273,1770422696389,70275.68
0.727,0.203,0.798,0.273,1770422697603,70275.69
0.727,0.203,0.797,0.273,1770422697604,70275.69
0.722,0.203,0.797,0.273,1770422697624,70275.69
0.722,0.204,0.81,0.278,1770422697626,70275.69
0.722,0.209,0.796,0.278,1770422697646,70275.69
0.722,0.209,0.791,0.278,1770422697677,70275.69
0.722,0.21,0.791,0.278,1770422697678,70275.69
0.722,0.209,0.79,0.278,1770422697705,70275.69
0.722,0.211,0.791,0.278,1770422697706,70275.69
0.722,0.211,0.789,0.278,1770422697719,70275.69
0.722,0.189,0.789,0.278,1770422697754,70275.69
0.722,0.212,0.811,0.278,1770422697755,70275.69
0.722,0.212,0.788,0.278,1770422697761,70275.69
0.722,0.213,0.788,0.278,1770422697779,70275.69
0.722,0.213,0.787,0.278,1770422697781,70275.69
0.718,0.213,0.787,0.278,1770422697810,70275.69
0.718,0.213,0.787,0.282,1770422697865,70275.69
0.717,0.213,0.787,0.282,1770422697903,70275.69
0.712,0.213,0.787,0.283,1770422697991,70275.69
0.712,0.2,0.787,0.288,1770422698026,70275.69
0.712,0.214,0.8,0.288,1770422698027,70275.69
0.712,0.214,0.786,0.288,1770422698044,70275.69
0.712,0.215,0.786,0.288,1770422698054,70275.69
0.712,0.215,0.785,0.288,1770422698102,70275.69
0.712,0.214,0.785,0.288,1770422698105,70275.69
0.712,0.214,0.786,0.288,1770422698106,70275.69
0.712,0.214,0.784,0.288,1770422698180,70275.69
0.712,0.217,0.786,0.288,1770422698182,70275.69
0.712,0.217,0.783,0.288,1770422698191,70275.69
0.712,0.2,0.783,0.288,1770422698213,70258.83
0.712,0.218,0.8,0.288,1770422698220,70258.83
0.712,0.218,0.782,0.288,1770422698297,70258.83
0.712,0.2,0.782,0.288,1770422698400,70258.83
0.712,0.217,0.8,0.288,1770422698404,70258.83
0.712,0.217,0.783,0.288,1770422698405,70258.83
0.712,0.219,0.783,0.288,1770422698419,70258.83
0.712,0.219,0.781,0.288,1770422698425,70258.83
0.712,0.22,0.781,0.288,1770422700080,70258.01
0.712,0.22,0.78,0.288,1770422700081,70258.01
0.712,0.219,0.78,0.288,1770422700112,70258.01
0.712,0.221,0.781,0.288,1770422700114,70258.01
0.712,0.221,0.779,0.288,1770422700178,70258.01
0.712,0.222,0.779,0.288,1770422700360,70257.2
0.712,0.222,0.778,0.288,1770422700384,70257.2
0.708,0.223,0.778,0.292,1770422700401,70257.2
0.708,0.223,0.777,0.292,1770422700435,70257.2
0.708,0.224,0.777,0.292,1770422700436,70257.2
0.708,0.224,0.776,0.292,1770422700447,70257.2
0.708,0.21,0.776,0.292,1770422700512,70257.2
0.708,0.225,0.79,0.292,1770422700513,70257.2
0.708,0.225,0.775,0.292,1770422700514,70257.2
0.708,0.211,0.775,0.292,1770422700587,70257.2
0.708,0.226,0.789,0.292,1770422700590,70257.2
0.708,0.226,0.774,0.292,1770422700632,70257.2
0.708,0.227,0.774,0.292,1770422700663,70257.2
0.708,0.227,0.773,0.292,1770422700664,70257.2
0.708,0.21,0.773,0.292,1770422700848,70257.2
0.708,0.228,0.79,0.292,1770422700852,70257.2
0.708,0.228,0.772,0.292,1770422700862,70257.2
0.708,0.229,0.772,0.292,1770422700925,70257.2
0.708,0.228,0.771,0.292,1770422700946,70257.2
0.708,0.228,0.772,0.292,1770422700947,70257.2
0.708,0.23,0.772,0.292,1770422700949,70257.2
0.708,0.23,0.77,0.292,1770422700966,70257.2
0.708,0.21,0.77,0.292,1770422701006,70257.2
0.708,0.21,0.79,0.292,1770422701007,70257.2
0.708,0.231,0.79,0.292,1770422701010,70257.2
0.708,0.231,0.769,0.292,1770422701011,70257.2
0.708,0.232,0.769,0.292,1770422701366,70246.38
0.708,0.232,0.768,0.292,1770422701370,70246.38
0.708,0.21,0.768,0.292,1770422701439,70246.38
0.708,0.233,0.79,0.292,1770422701446,70246.38
0.708,0.233,0.767,0.292,1770422701461,70246.38
0.708,0.234,0.767,0.292,1770422701519,70246.38
0.705,0.234,0.766,0.292,1770422701626,70246.38
0.705,0.234,0.766,0.295,1770422701627,70246.38
0.705,0.233,0.766,0.295,1770422701783,70246.38
0.705,0.233,0.767,0.295,1770422701785,70246.38
0.703,0.233,0.767,0.295,1770422701795,70246.38
0.703,0.233,0.767,0.297,1770422701796,70246.38
0.703,0.22,0.767,0.297,1770422701829,70246.38
0.703,0.22,0.78,0.297,1770422701838,70246.38
0.703,0.23,0.78,0.297,1770422701848,70246.38
0.703,0.234,0.766,0.297,1770422701864,70246.38
0.703,0.235,0.766,0.297,1770422704171,70256.78
0.703,0.235,0.765,0.297,1770422704179,70256.78
0.703,0.234,0.765,0.297,1770422704249,70247.06
0.703,0.234,0.766,0.297,1770422704257,70247.06
0.703,0.233,0.767,0.297,1770422704310,70247.06
0.703,0.22,0.767,0.297,1770422704319,70247.06
0.703,0.234,0.78,0.297,1770422704320,70247.06
0.703,0.234,0.766,0.297,1770422704325,70247.06
0.703,0.22,0.766,0.297,1770422704680,70247.06
0.703,0.22,0.767,0.297,1770422704802,70247.06
0.703,0.234,0.78,0.297,1770422704804,70247.06
0.703,0.22,0.766,0.297,1770422704877,70247.06
0.703,0.235,0.78,0.297,1770422704881,70247.06
0.703,0.235,0.765,0.297,1770422704893,70247.06
0.702,0.235,0.765,0.297,1770422705119,70247.06
0.702,0.235,0.765,0.298,1770422705255,70247.06
0.702,0.236,0.765,0.298,1770422705530,70239.19
0.702,0.236,0.764,0.298,1770422705659,70239.19
0.702,0.237,0.764,0.298,1770422708706,70239.19
0.702,0.236,0.763,0.298,1770422708708,70239.19
0.702,0.237,0.764,0.298,1770422708777,70239.19
0.702,0.236,0.763,0.298,1770422708799,70239.19
0.702,0.238,0.764,0.298,1770422708800,70239.19
0.702,0.238,0.762,0.298,1770422708801,70239.19
0.702,0.236,0.762,0.298,1770422708879,70239.19
0.702,0.239,0.764,0.298,1770422708880,70239.19
0.702,0.23,0.761,0.298,1770422708905,70239.19
0.702,0.237,0.77,0.298,1770422708909,70239.19
0.702,0.23,0.763,0.298,1770422708952,70239.19
0.702,0.238,0.77,0.298,1770422708956,70239.19
0.702,0.239,0.762,0.298,1770422708981,70239.19
0.702,0.239,0.761,0.298,1770422708987,70239.19
0.702,0.23,0.761,0.298,1770422709019,70239.19
0.702,0.231,0.77,0.298,1770422709046,70239.19
0.702,0.23,0.769,0.298,1770422709073,70239.19
0.702,0.23,0.768,0.298,1770422709095,70239.19
0.702,0.23,0.77,0.298,1770422709096,70239.19
0.702,0.233,0.77,0.298,1770422709115,70239.19
0.702,0.233,0.767,0.298,1770422709155,70239.19
0.702,0.23,0.767,0.298,1770422709156,70239.19
0.702,0.234,0.77,0.298,1770422709164,70239.19
0.702,0.235,0.766,0.298,1770422709190,70239.19
0.702,0.235,0.765,0.298,1770422709221,70239.19
0.702,0.236,0.765,0.298,1770422709223,70239.19
0.702,0.236,0.764,0.298,1770422709224,70239.19
0.702,0.23,0.764,0.298,1770422709304,70229.2
0.702,0.23,0.763,0.298,1770422709378,70229.2
0.702,0.23,0.77,0.298,1770422709379,70229.2
0.702,0.238,0.77,0.298,1770422709382,70229.2
0.702,0.23,0.762,0.298,1770422709407,70229.2
0.702,0.23,0.769,0.298,1770422709457,70229.2
0.702,0.232,0.77,0.298,1770422709459,70229.2
0.702,0.233,0.768,0.298,1770422709483,70229.2
0.702,0.233,0.767,0.298,1770422709526,70229.2
0.702,0.23,0.767,0.298,1770422709529,70229.2
0.702,0.234,0.77,0.298,1770422709530,70229.2
0.702,0.23,0.766,0.298,1770422709599,70229.2
0.702,0.235,0.77,0.298,1770422709601,70229.2
0.702,0.235,0.765,0.298,1770422709602,70229.2
0.702,0.23,0.765,0.298,1770422709681,70229.2
0.702,0.23,0.77,0.298,1770422709682,70229.2
0.702,0.236,0.77,0.298,1770422709683,70229.2
0.702,0.236,0.764,0.298,1770422709715,70229.2
0.702,0.23,0.764,0.298,1770422709735,70229.2
0.702,0.237,0.77,0.298,1770422709737,70229.2
0.702,0.23,0.763,0.298,1770422709765,70229.2
0.702,0.238,0.77,0.298,1770422709766,70229.2
0.702,0.239,0.762,0.298,1770422709816,70229.2
0.702,0.24,0.761,0.298,1770422710227,70229.2
0.702,0.24,0.76,0.298,1770422710228,70229.2
0.702,0.23,0.76,0.298,1770422710582,70229.21
0.702,0.241,0.761,0.298,1770422710596,70229.21
0.702,0.241,0.759,0.298,1770422711131,70229.21
0.702,0.242,0.759,0.298,1770422717966,70235.38
0.702,0.242,0.758,0.298,1770422717994,70235.38
0.702,0.23,0.758,0.298,1770422718043,70235.38
0.702,0.243,0.77,0.298,1770422718054,70235.38
0.696,0.243,0.757,0.298,1770422718067,70235.38
0.696,0.243,0.757,0.304,1770422718069,70235.38
0.696,0.244,0.757,0.304,1770422718125,70235.38
0.696,0.244,0.756,0.304,1770422718126,70235.38
0.696,0.243,0.756,0.304,1770422718191,70235.38
0.696,0.243,0.757,0.304,1770422718192,70235.38
0.696,0.245,0.757,0.304,1770422718196,70235.38
0.696,0.245,0.755,0.304,1770422718219,70225.76
0.696,0.23,0.755,0.304,1770422718227,70225.76
0.696,0.246,0.77,0.304,1770422718228,70225.76
0.696,0.246,0.754,0.304,1770422718269,70225.76
0.696,0.247,0.754,0.304,1770422718273,70225.76
0.696,0.247,0.753,0.304,1770422718286,70225.76
0.696,0.246,0.753,0.304,1770422718300,70225.76
0.696,0.248,0.754,0.304,1770422718301,70225.76
0.694,0.248,0.752,0.304,1770422718311,70225.76
0.694,0.248,0.752,0.306,1770422718350,70225.76
0.694,0.246,0.752,0.306,1770422718351,70225.76
0.694,0.249,0.754,0.306,1770422718355,70225.76
0.694,0.249,0.751,0.306,1770422718435,70225.76
0.694,0.248,0.751,0.306,1770422718454,70225.76
0.692,0.248,0.752,0.306,1770422718628,70225.76
0.692,0.248,0.752,0.308,1770422718629,70225.76
0.692,0.246,0.752,0.308,1770422719132,70225.76
0.692,0.249,0.754,0.308,1770422719142,70225.76
0.692,0.249,0.751,0.308,1770422719151,70225.76
0.692,0.23,0.751,0.308,1770422719395,70218.0
0.692,0.25,0.77,0.308,1770422719401,70218.0
0.692,0.23,0.75,0.308,1770422719421,70218.0
0.692,0.231,0.77,0.308,1770422719422,70218.0
0.692,0.231,0.769,0.308,1770422719423,70218.0
0.692,0.25,0.769,0.308,1770422719425,70218.0
0.692,0.251,0.75,0.308,1770422719471,70218.0
0.692,0.25,0.749,0.308,1770422719496,70218.0
0.692,0.252,0.75,0.308,1770422719497,70218.0
0.692,0.252,0.748,0.308,1770422719498,70218.0
0.692,0.222,0.748,0.308,1770422719545,70218.0
0.692,0.222,0.76,0.308,1770422719546,70218.0
0.692,0.253,0.76,0.308,1770422719551,70218.0
0.687,0.253,0.747,0.308,1770422719553,70218.0
0.687,0.253,0.747,0.313,1770422719554,70218.0
0.687,0.253,0.74,0.313,1770422719589,70218.0
0.687,0.26,0.74,0.313,1770422719603,70218.0
0.687,0.261,0.74,0.313,1770422719622,70218.0
0.687,0.261,0.739,0.313,1770422719628,70218.0
0.687,0.253,0.739,0.313,1770422719650,70218.0
0.687,0.262,0.747,0.313,1770422719653,70218.0
0.687,0.262,0.738,0.313,1770422719671,70218.0
0.687,0.263,0.738,0.313,1770422719706,70218.0
0.687,0.25,0.737,0.313,1770422719736,70218.0
0.687,0.264,0.736,0.313,1770422719738,70218.0
0.687,0.25,0.736,0.313,1770422719778,70218.0
0.687,0.265,0.75,0.313,1770422719782,70218.0
0.687,0.25,0.735,0.313,1770422719817,70218.0
0.687,0.25,0.75,0.313,1770422719818,70218.0
0.687,0.266,0.734,0.313,1770422719835,70218.0
0.687,0.265,0.734,0.313,1770422719851,70218.0
0.687,0.265,0.735,0.313,1770422719852,70218.0
0.687,0.267,0.735,0.313,1770422719855,70218.0
0.687,0.267,0.733,0.313,1770422719865,70218.0
0.674,0.267,0.733,0.313,1770422719883,70218.0
0.674,0.267,0.733,0.326,1770422719884,70218.0
0.674,0.222,0.733,0.326,1770422719892,70218.0
0.674,0.268,0.778,0.326,1770422719894,70218.0
0.674,0.268,0.732,0.326,1770422719915,70218.0
0.674,0.26,0.732,0.326,1770422719924,70218.0
0.674,0.269,0.74,0.326,1770422719927,70218.0
0.674,0.269,0.731,0.326,1770422719930,70218.0
0.674,0.268,0.731,0.326,1770422719966,70218.0
0.674,0.27,0.732,0.326,1770422719971,70218.0
0.674,0.27,0.73,0.326,1770422719973,70218.0
0.669,0.27,0.73,0.326,1770422719996,70218.0
0.669,0.268,0.73,0.331,1770422719997,70218.0
0.669,0.26,0.732,0.331,1770422719998,70218.0
0.669,0.26,0.74,0.331,1770422720002,70218.0
0.669,0.267,0.74,0.331,1770422720004,70218.0
0.669,0.267,0.733,0.331,1770422720006,70218.0
0.669,0.222,0.733,0.331,1770422720028,70218.0
0.669,0.222,0.778,0.331,1770422720029,70218.0
0.669,0.271,0.778,0.331,1770422720031,70218.0
0.669,0.271,0.729,0.331,1770422720039,70218.0
0.669,0.251,0.729,0.331,1770422720801,70198.01
0.669,0.253,0.749,0.331,1770422720827,70198.01
0.669,0.253,0.747,0.331,1770422720871,70198.01
0.669,0.25,0.747,0.331,1770422720873,70198.01
0.669,0.254,0.75,0.331,1770422720874,70198.01
0.669,0.25,0.746,0.331,1770422720896,70198.01
0.669,0.25,0.75,0.331,1770422720926,70198.01
0.669,0.251,0.75,0.331,1770422720950,70198.01
0.669,0.251,0.749,0.331,1770422720951,70198.01
0.669,0.25,0.749,0.331,1770422720984,70198.01
0.669,0.25,0.748,0.331,1770422721004,70198.01
0.669,0.25,0.75,0.331,1770422721014,70198.01
0.667,0.25,0.75,0.331,1770422721528,70219.34
0.667,0.25,0.75,0.333,1770422721529,70219.34
0.673,0.25,0.75,0.333,1770422721581,70219.34
0.673,0.25,0.75,0.327,1770422721608,70219.34
0.667,0.25,0.75,0.327,1770422721665,70219.34
0.667,0.25,0.75,0.333,1770422721686,70219.34
0.674,0.25,0.75,0.333,1770422721978,70219.34
0.674,0.25,0.75,0.326,1770422721985,70219.34
0.667,0.25,0.75,0.326,1770422722930,70227.53
0.667,0.25,0.75,0.333,1770422723137,70227.53
0.674,0.25,0.75,0.333,1770422723331,70227.53
0.667,0.25,0.75,0.326,1770422723441,70227.53
0.667,0.25,0.75,0.333,1770422723780,70227.53
0.676,0.25,0.75,0.333,1770422723796,70227.53
0.676,0.25,0.75,0.324,1770422723808,70227.53
0.667,0.25,0.75,0.324,1770422723825,70227.53
0.667,0.25,0.75,0.333,1770422723837,70227.53
0.68,0.25,0.75,0.333,1770422723872,70227.53
0.68,0.25,0.75,0.32,1770422723898,70227.53
0.68,0.251,0.75,0.32,1770422730661,70227.54
0.68,0.25,0.749,0.32,1770422730831,70227.54
0.68,0.252,0.75,0.32,1770422730832,70227.54
0.68,0.253,0.748,0.32,1770422730860,70227.54
0.68,0.253,0.747,0.32,1770422730861,70227.54
0.68,0.243,0.747,0.32,1770422731053,70227.54
0.68,0.252,0.757,0.32,1770422731058,70227.54
0.68,0.243,0.748,0.32,1770422731295,70219.88
0.68,0.243,0.757,0.32,1770422731296,70219.88
0.68,0.253,0.757,0.32,1770422731302,70219.88
0.68,0.254,0.747,0.32,1770422731382,70219.88
0.68,0.254,0.746,0.32,1770422731422,70219.88
0.68,0.255,0.746,0.32,1770422732008,70219.88
0.68,0.255,0.745,0.32,1770422732009,70219.88
0.68,0.256,0.745,0.32,1770422732033,70219.88
0.68,0.256,0.744,0.32,1770422732034,70219.88
0.68,0.243,0.744,0.32,1770422732086,70219.88
0.68,0.257,0.745,0.32,1770422732087,70219.88
0.68,0.255,0.743,0.32,1770422732140,70219.88
0.68,0.258,0.745,0.32,1770422732141,70219.88
0.68,0.258,0.742,0.32,1770422732201,70219.88
0.68,0.259,0.742,0.32,1770422732215,70219.88
0.68,0.259,0.741,0.32,1770422732216,70219.88
0.68,0.255,0.741,0.32,1770422732246,70214.77
0.68,0.26,0.745,0.32,1770422732249,70214.77
0.68,0.255,0.74,0.32,1770422732304,70214.77
0.68,0.261,0.739,0.32,1770422732321,70214.77
0.68,0.243,0.739,0.32,1770422732332,70214.77
0.68,0.244,0.757,0.32,1770422732358,70214.77
0.68,0.243,0.756,0.32,1770422732382,70214.77
0.68,0.245,0.757,0.32,1770422732383,70214.77
0.68,0.243,0.755,0.32,1770422732407,70214.77
0.68,0.246,0.757,0.32,1770422732409,70214.77
0.68,0.243,0.754,0.32,1770422732457,70214.77
0.68,0.243,0.757,0.32,1770422732458,70214.77
0.68,0.247,0.757,0.32,1770422732467,70214.77
0.68,0.247,0.753,0.32,1770422732490,70214.77
0.68,0.248,0.753,0.32,1770422732533,70214.77
0.68,0.248,0.752,0.32,1770422732534,70214.77
0.68,0.249,0.752,0.32,1770422732612,70214.77
0.68,0.243,0.751,0.32,1770422732637,70214.77
0.68,0.243,0.757,0.32,1770422732638,70214.77
0.68,0.243,0.75,0.32,1770422732684,70214.77
0.68,0.251,0.757,0.32,1770422732686,70214.77
0.68,0.251,0.749,0.32,1770422732717,70214.77
0.68,0.252,0.756,0.32,1770422732744,70214.77
0.68,0.252,0.748,0.32,1770422732759,70214.77
0.68,0.253,0.748,0.32,1770422732786,70214.77
0.68,0.252,0.747,0.32,1770422732834,70214.77
0.68,0.254,0.748,0.32,1770422732839,70214.77
0.68,0.252,0.746,0.32,1770422732909,70214.77
0.68,0.255,0.748,0.32,1770422732913,70214.77
0.68,0.256,0.745,0.32,1770422732936,70214.77
0.68,0.256,0.744,0.32,1770422732983,70214.77
0.68,0.257,0.748,0.32,1770422732985,70214.77
0.68,0.257,0.743,0.32,1770422732986,70214.77
0.68,0.243,0.743,0.32,1770422733057,70214.77
0.68,0.258,0.757,0.32,1770422733060,70214.77
0.68,0.258,0.742,0.32,1770422733073,70214.77
0.68,0.259,0.742,0.32,1770422733088,70214.77
0.68,0.259,0.741,0.32,1770422733125,70214.77
0.68,0.258,0.741,0.32,1770422733131,70214.77
0.68,0.258,0.742,0.32,1770422733132,70214.77
0.68,0.25,0.742,0.32,1770422733135,70214.77
0.68,0.26,0.75,0.32,1770422733136,70214.77
0.68,0.26,0.74,0.32,1770422733137,70214.77
0.68,0.25,0.74,0.32,1770422733205,70214.77
0.68,0.261,0.75,0.32,1770422733214,70214.77
0.68,0.261,0.739,0.32,1770422733215,70214.77
0.68,0.262,0.739,0.32,1770422733284,70206.56
0.68,0.263,0.738,0.32,1770422733312,70206.56
0.68,0.263,0.737,0.32,1770422733313,70206.56
0.68,0.261,0.737,0.32,1770422733358,70206.56
0.68,0.261,0.739,0.32,1770422733359,70206.56
0.68,0.264,0.739,0.32,1770422733360,70206.56
0.68,0.261,0.736,0.32,1770422733388,70206.56
0.68,0.265,0.739,0.32,1770422733390,70206.56
0.68,0.265,0.735,0.32,1770422733405,70206.56
0.68,0.25,0.735,0.32,1770422733414,70206.56
0.68,0.262,0.75,0.32,1770422733444,70206.56
0.68,0.262,0.738,0.32,1770422733463,70206.56
0.68,0.251,0.738,0.32,1770422733480,70206.56
0.68,0.25,0.749,0.32,1770422733488,70206.56
0.68,0.261,0.75,0.32,1770422733493,70206.56
0.68,0.263,0.739,0.32,1770422733501,70206.56
0.68,0.263,0.737,0.32,1770422733537,70206.56
0.68,0.264,0.737,0.32,1770422733776,70206.56
0.68,0.264,0.736,0.32,1770422733788,70206.56
0.68,0.265,0.736,0.32,1770422733803,70206.56
0.68,0.265,0.735,0.32,1770422733832,70206.56
0.68,0.264,0.735,0.32,1770422733850,70206.56
0.68,0.264,0.736,0.32,1770422733851,70206.56
0.68,0.266,0.736,0.32,1770422733852,70206.56
0.68,0.264,0.734,0.32,1770422733925,70206.56
0.68,0.267,0.736,0.32,1770422733927,70206.56
0.68,0.268,0.733,0.32,1770422733950,70206.56
0.68,0.267,0.732,0.32,1770422733996,70206.56
0.68,0.264,0.733,0.32,1770422733997,70206.56
0.666,0.269,0.75,0.334,1770422734001,70206.56
0.671,0.269,0.731,0.334,1770422734026,70206.56
0.671,0.25,0.731,0.329,1770422734058,70206.56
0.671,0.27,0.75,0.329,1770422734059,70206.56
0.671,0.27,0.73,0.329,1770422734073,70206.56
0.671,0.257,0.73,0.329,1770422734086,70206.56
0.671,0.257,0.743,0.329,1770422734087,70206.56
0.671,0.257,0.74,0.329,1770422734103,70206.56
0.671,0.26,0.74,0.329,1770422734104,70206.56
0.671,0.261,0.74,0.329,1770422734132,70206.56
0.671,0.26,0.739,0.329,1770422734161,70206.56
0.671,0.26,0.738,0.329,1770422734210,70206.56
0.671,0.263,0.74,0.329,1770422734212,70206.56
0.671,0.264,0.737,0.329,1770422734236,70200.01
0.671,0.264,0.736,0.329,1770422734238,70200.01
0.671,0.26,0.736,0.329,1770422734282,70200.01
0.671,0.265,0.74,0.329,1770422734285,70200.01
0.671,0.265,0.735,0.329,1770422734297,70200.01
0.671,0.26,0.735,0.329,1770422734311,70200.01
0.671,0.266,0.74,0.329,1770422734314,70200.01
0.671,0.266,0.734,0.329,1770422734349,70200.01
0.671,0.26,0.734,0.329,1770422734356,70200.01
0.671,0.267,0.74,0.329,1770422734357,70200.01
0.671,0.26,0.733,0.329,1770422734386,70200.01
0.671,0.268,0.74,0.329,1770422734387,70200.01
0.671,0.26,0.732,0.329,1770422734434,70200.01
0.671,0.269,0.74,0.329,1770422734435,70200.01
0.671,0.27,0.731,0.329,1770422734460,70200.01
0.671,0.27,0.73,0.329,1770422734461,70200.01
0.671,0.271,0.73,0.329,1770422734517,70200.01
0.671,0.272,0.729,0.329,1770422734543,70200.01
0.671,0.272,0.728,0.329,1770422734544,70200.01
0.671,0.26,0.728,0.329,1770422734592,70200.01
0.671,0.26,0.74,0.329,1770422734593,70200.01
0.671,0.273,0.74,0.329,1770422734599,70200.01
0.671,0.26,0.727,0.329,1770422734625,70200.01
0.671,0.274,0.74,0.329,1770422734628,70200.01
0.671,0.26,0.726,0.329,1770422734680,70200.01
0.671,0.275,0.725,0.329,1770422734681,70200.01
0.671,0.26,0.725,0.329,1770422734703,70200.01
0.671,0.26,0.74,0.329,1770422734704,70200.01
0.671,0.276,0.74,0.329,1770422734708,70200.01
0.671,0.277,0.724,0.329,1770422734740,70200.01
0.671,0.26,0.723,0.329,1770422734777,70200.01
0.671,0.278,0.74,0.329,1770422734780,70200.01
0.671,0.278,0.722,0.329,1770422735210,70200.01
0.671,0.279,0.722,0.329,1770422735382,70191.82
0.671,0.279,0.721,0.329,1770422735383,70191.82
0.671,0.263,0.721,0.329,1770422735558,70191.82
0.671,0.263,0.737,0.329,1770422735636,70191.82
0.671,0.264,0.737,0.329,1770422735685,70191.82
0.671,0.264,0.736,0.329,1770422735760,70191.82
0.671,0.26,0.736,0.329,1770422735800,70191.82
0.671,0.265,0.74,0.329,1770422735801,70191.82
0.671,0.26,0.735,0.329,1770422735833,70191.82
0.671,0.265,0.74,0.329,1770422735835,70191.82
0.671,0.266,0.735,0.329,1770422735837,70191.82
0.671,0.267,0.734,0.329,1770422735874,70191.82
0.671,0.267,0.733,0.329,1770422735877,70191.82
0.671,0.265,0.733,0.329,1770422735904,70191.82
0.671,0.268,0.735,0.329,1770422735908,70191.82
0.671,0.265,0.732,0.329,1770422735950,70191.82
0.671,0.269,0.735,0.329,1770422735952,70191.82
0.671,0.269,0.731,0.329,1770422735953,70191.82
0.671,0.26,0.731,0.329,1770422735978,70191.82
0.665,0.26,0.74,0.329,1770422735979,70191.82
0.665,0.26,0.74,0.335,1770422735980,70191.82
0.665,0.27,0.73,0.335,1770422736026,70191.82
0.665,0.269,0.73,0.335,1770422736027,70191.82
0.665,0.271,0.731,0.335,1770422736028,70191.82
0.665,0.271,0.729,0.335,1770422736029,70191.82
0.665,0.272,0.729,0.335,1770422736054,70191.82
0.665,0.272,0.728,0.335,1770422736055,70191.82
0.665,0.26,0.728,0.335,1770422736101,70191.82
0.665,0.26,0.727,0.335,1770422736128,70191.82
0.665,0.26,0.74,0.335,1770422736129,70191.82
0.665,0.274,0.74,0.335,1770422736132,70191.82
0.665,0.26,0.726,0.335,1770422736179,70191.82
0.665,0.275,0.74,0.335,1770422736180,70191.82
0.665,0.26,0.725,0.335,1770422736202,70191.82
0.665,0.276,0.74,0.335,1770422736208,70191.82
0.665,0.26,0.724,0.335,1770422736352,70199.53
0.665,0.277,0.74,0.335,1770422736353,70199.53
0.665,0.277,0.723,0.335,1770422736376,70199.53
0.665,0.274,0.723,0.335,1770422736471,70199.53
0.665,0.274,0.726,0.335,1770422736488,70199.53
0.665,0.273,0.726,0.335,1770422736489,70199.53
0.665,0.273,0.727,0.335,1770422736491,70199.53
0.665,0.26,0.727,0.335,1770422736511,70199.53
0.665,0.26,0.74,0.335,1770422736512,70199.53
0.665,0.261,0.74,0.335,1770422736544,70199.53
0.665,0.274,0.739,0.335,1770422736550,70199.53
0.665,0.274,0.726,0.335,1770422736565,70199.53
0.665,0.275,0.726,0.335,1770422739132,70194.67
0.665,0.276,0.725,0.335,1770422739179,70194.67
0.665,0.276,0.724,0.335,1770422739186,70194.67
0.665,0.26,0.724,0.335,1770422739819,70194.67
0.665,0.273,0.74,0.335,1770422739825,70194.67
0.665,0.273,0.727,0.335,1770422739826,70194.67
0.665,0.277,0.727,0.335,1770422739841,70194.67
0.665,0.277,0.723,0.335,1770422739848,70194.67
0.665,0.278,0.723,0.335,1770422741316,70196.79
0.665,0.278,0.722,0.335,1770422741326,70196.79
0.665,0.277,0.722,0.335,1770422741365,70196.79
0.665,0.279,0.723,0.335,1770422741366,70196.79
0.665,0.279,0.721,0.335,1770422741372,70196.79
0.665,0.277,0.721,0.335,1770422741419,70196.79
0.665,0.28,0.723,0.335,1770422741424,70196.79
0.665,0.28,0.72,0.335,1770422741446,70196.79
0.665,0.266,0.72,0.335,1770422742487,70192.19
0.665,0.266,0.734,0.335,1770422742496,70192.19
0.665,0.258,0.734,0.335,1770422742531,70192.19
0.665,0.265,0.742,0.335,1770422742533,70192.19
0.665,0.265,0.735,0.335,1770422742534,70192.19
0.665,0.259,0.735,0.335,1770422745911,70214.0
0.665,0.259,0.741,0.335,1770422745913,70214.0
0.665,0.26,0.741,0.335,1770422753447,70214.0
0.665,0.259,0.74,0.335,1770422753498,70214.0
0.665,0.261,0.741,0.335,1770422753504,70214.0
0.665,0.261,0.739,0.335,1770422753540,70214.0
0.665,0.259,0.739,0.335,1770422753571,70214.0
0.665,0.262,0.741,0.335,1770422753573,70214.0
0.665,0.262,0.738,0.335,1770422753600,70214.0
0.665,0.263,0.738,0.335,1770422753652,70214.0
0.665,0.263,0.737,0.335,1770422753677,70214.0
0.665,0.259,0.737,0.335,1770422753749,70214.0
0.665,0.259,0.741,0.335,1770422753750,70214.0
0.665,0.264,0.741,0.335,1770422753751,70214.0
0.665,0.264,0.736,0.335,1770422753770,70214.0
0.665,0.265,0.736,0.335,1770422753827,70214.0
0.665,0.266,0.735,0.335,1770422753853,70214.0
0.665,0.266,0.734,0.335,1770422753896,70214.0
0.665,0.259,0.734,0.335,1770422753903,70214.0
0.665,0.267,0.741,0.335,1770422753918,70214.0
0.665,0.259,0.733,0.335,1770422753929,70214.0
0.665,0.268,0.741,0.335,1770422753930,70214.0
0.665,0.259,0.732,0.335,1770422753976,70214.0
0.665,0.269,0.741,0.335,1770422753980,70214.0
0.665,0.269,0.731,0.335,1770422753981,70214.0
0.665,0.27,0.731,0.335,1770422754097,70214.0
0.665,0.27,0.73,0.335,1770422754098,70214.0
0.665,0.271,0.73,0.335,1770422754101,70214.0
0.665,0.271,0.729,0.335,1770422754105,70214.0
0.665,0.259,0.729,0.335,1770422754106,70214.0
0.665,0.273,0.728,0.335,1770422754128,70214.0
0.665,0.274,0.727,0.335,1770422754169,70214.0
0.665,0.274,0.726,0.335,1770422754170,70214.0
0.665,0.26,0.726,0.335,1770422754203,70214.0
0.665,0.275,0.74,0.335,1770422754206,70214.0
0.665,0.275,0.725,0.335,1770422754293,70191.81
0.665,0.276,0.725,0.335,1770422754361,70191.81
0.665,0.276,0.724,0.335,1770422754393,70191.81
0.665,0.277,0.724,0.335,1770422754467,70191.81
0.665,0.277,0.723,0.335,1770422754472,70191.81
0.665,0.26,0.723,0.335,1770422754490,70191.81
0.665,0.278,0.74,0.335,1770422754491,70191.81
0.665,0.26,0.722,0.335,1770422754538,70191.81
0.665,0.26,0.74,0.335,1770422754539,70191.81
0.665,0.26,0.721,0.335,1770422754582,70191.81
0.665,0.28,0.72,0.335,1770422754773,70191.81
0.665,0.281,0.72,0.335,1770422755713,70191.81
0.665,0.281,0.719,0.335,1770422755720,70191.81
0.665,0.282,0.719,0.335,1770422755773,70191.81
0.665,0.282,0.718,0.335,1770422756011,70191.81
0.665,0.281,0.718,0.335,1770422756547,70190.0
0.665,0.283,0.717,0.335,1770422756553,70190.0
0.665,0.259,0.717,0.335,1770422756572,70190.0
0.665,0.259,0.73,0.335,1770422756589,70190.0
0.665,0.27,0.73,0.335,1770422756595,70190.0
0.665,0.271,0.73,0.335,1770422756622,70190.0
0.665,0.271,0.729,0.335,1770422756628,70190.0
0.665,0.27,0.729,0.335,1770422756649,70190.0
0.665,0.273,0.728,0.335,1770422756716,70190.0
0.665,0.273,0.727,0.335,1770422756717,70190.0
0.665,0.274,0.727,0.335,1770422756739,70190.0
0.665,0.274,0.726,0.335,1770422756740,70190.0
0.665,0.27,0.726,0.335,1770422756791,70190.0
0.665,0.275,0.73,0.335,1770422756797,70190.0
0.665,0.275,0.725,0.335,1770422756798,70190.0
0.665,0.271,0.725,0.335,1770422756867,70190.0
0.665,0.27,0.729,0.335,1770422756870,70190.0
0.665,0.27,0.724,0.335,1770422756938,70190.0
0.665,0.27,0.73,0.335,1770422756939,70190.0
0.665,0.277,0.73,0.335,1770422756942,70190.0
0.665,0.278,0.723,0.335,1770422756970,70190.0
0.665,0.279,0.722,0.335,1770422757017,70190.0
0.665,0.279,0.721,0.335,1770422757018,70190.0
0.665,0.27,0.721,0.335,1770422757095,70190.0
0.665,0.28,0.73,0.335,1770422757096,70190.0
0.665,0.27,0.72,0.335,1770422757120,70190.0
0.665,0.271,0.73,0.335,1770422757124,70190.0
0.665,0.271,0.729,0.335,1770422757148,70190.0
0.665,0.27,0.729,0.335,1770422757171,70190.0
0.665,0.27,0.73,0.335,1770422757172,70190.0
0.665,0.272,0.73,0.335,1770422757173,70190.0
0.665,0.27,0.728,0.335,1770422757200,70190.0
0.665,0.27,0.727,0.335,1770422757244,70187.05
0.665,0.274,0.73,0.335,1770422757247,70187.05
0.665,0.27,0.726,0.335,1770422757293,70187.05
0.665,0.27,0.73,0.335,1770422757294,70187.05
0.665,0.275,0.73,0.335,1770422757299,70187.05
0.665,0.275,0.725,0.335,1770422757300,70187.05
0.665,0.271,0.725,0.335,1770422757369,70187.05
0.665,0.276,0.724,0.335,1770422757373,70187.05
0.665,0.277,0.724,0.335,1770422757446,70187.05
0.665,0.277,0.723,0.335,1770422757449,70187.05
0.665,0.278,0.723,0.335,1770422757475,70187.05
0.665,0.277,0.722,0.335,1770422757522,70187.05
0.665,0.279,0.723,0.335,1770422757546,70187.05
0.665,0.28,0.721,0.335,1770422757570,70187.05
0.665,0.28,0.72,0.335,1770422757573,70187.05
0.665,0.277,0.72,0.335,1770422757595,70187.05
0.665,0.281,0.723,0.335,1770422757596,70187.05
0.665,0.281,0.719,0.335,1770422757597,70187.05
0.665,0.282,0.719,0.335,1770422757648,70187.05
0.665,0.282,0.718,0.335,1770422757905,70187.05
0.665,0.277,0.718,0.335,1770422757952,70187.05
0.665,0.277,0.723,0.335,1770422757953,70187.05
0.665,0.281,0.719,0.335,1770422757966,70187.05
0.665,0.27,0.719,0.335,1770422757970,70187.05
0.665,0.28,0.73,0.335,1770422757977,70187.05
0.665,0.282,0.72,0.335,1770422758007,70187.05
0.665,0.282,0.718,0.335,1770422758008,70187.05
0.665,0.283,0.718,0.335,1770422758120,70187.05
0.665,0.282,0.717,0.335,1770422758218,70187.05
0.665,0.284,0.718,0.335,1770422758219,70187.05
0.665,0.284,0.716,0.335,1770422758229,70187.02
0.665,0.285,0.716,0.335,1770422758306,70187.02
0.665,0.285,0.715,0.335,1770422758308,70187.02
0.665,0.27,0.715,0.335,1770422758330,70187.02
0.665,0.27,0.73,0.335,1770422758331,70187.02
0.665,0.286,0.715,0.335,1770422758333,70187.02
0.665,0.287,0.714,0.335,1770422758385,70187.02
0.665,0.285,0.713,0.335,1770422758415,70187.02
0.665,0.285,0.715,0.335,1770422758416,70187.02
0.665,0.285,0.712,0.335,1770422758460,70187.02
0.665,0.289,0.715,0.335,1770422758462,70187.02
0.665,0.289,0.711,0.335,1770422758485,70187.02
0.665,0.29,0.711,0.335,1770422758537,70187.02
0.665,0.29,0.71,0.335,1770422758539,70187.02
0.665,0.291,0.71,0.335,1770422758599,70187.02
0.665,0.291,0.709,0.335,1770422758610,70187.02
0.665,0.292,0.709,0.335,1770422758639,70187.02
0.665,0.291,0.708,0.335,1770422758685,70187.02
0.665,0.291,0.709,0.335,1770422758686,70187.02
0.665,0.293,0.709,0.335,1770422758687,70187.02
0.665,0.294,0.707,0.335,1770422758761,70187.02
0.665,0.294,0.706,0.335,1770422758762,70187.02
0.665,0.295,0.706,0.335,1770422758979,70187.02
0.665,0.295,0.705,0.335,1770422759035,70187.02
0.665,0.28,0.705,0.335,1770422759794,70180.01
0.665,0.294,0.72,0.335,1770422759797,70180.01
0.665,0.296,0.706,0.335,1770422759815,70180.01
0.665,0.296,0.704,0.335,1770422760019,70180.01
0.665,0.297,0.704,0.335,1770422760170,70180.01
0.665,0.297,0.703,0.335,1770422760176,70180.01
0.665,0.29,0.703,0.335,1770422760287,70176.06
0.665,0.298,0.71,0.335,1770422760290,70176.06
0.665,0.29,0.702,0.335,1770422760311,70176.06
0.665,0.29,0.71,0.335,1770422760312,70176.06
0.665,0.291,0.71,0.335,1770422760318,70176.06
0.665,0.292,0.709,0.335,1770422760361,70176.06
0.665,0.292,0.708,0.335,1770422760367,70176.06
0.665,0.293,0.708,0.335,1770422760388,70176.06
0.665,0.293,0.707,0.335,1770422760390,70176.06
0.665,0.299,0.707,0.335,1770422760401,70176.06
0.665,0.299,0.701,0.335,1770422760459,70176.06
0.665,0.3,0.701,0.335,1770422760471,70176.06
0.665,0.301,0.7,0.335,1770422760494,70176.06
0.665,0.301,0.699,0.335,1770422760534,70176.06
0.665,0.29,0.699,0.335,1770422760540,70176.06
0.665,0.302,0.71,0.335,1770422760542,70176.06
0.665,0.302,0.698,0.335,1770422760543,70176.06
0.665,0.303,0.698,0.335,1770422760613,70176.06
0.665,0.303,0.697,0.335,1770422760619,70176.06
0.665,0.302,0.697,0.335,1770422760644,70176.06
0.665,0.304,0.696,0.335,1770422760645,70176.06
0.665,0.305,0.696,0.335,1770422760704,70176.06
0.665,0.305,0.695,0.335,1770422760709,70176.06
0.665,0.303,0.695,0.335,1770422760723,70176.06
0.665,0.29,0.697,0.335,1770422760749,70176.06
0.665,0.29,0.71,0.335,1770422760770,70176.06
0.665,0.291,0.71,0.335,1770422760777,70176.06
0.665,0.29,0.709,0.335,1770422760809,70176.06
0.665,0.292,0.708,0.335,1770422760833,70176.06
0.665,0.293,0.707,0.335,1770422760840,70176.06
0.665,0.292,0.707,0.335,1770422760881,70176.06
0.665,0.294,0.71,0.335,1770422760882,70176.06
0.665,0.295,0.706,0.335,1770422760957,70176.06
0.665,0.295,0.705,0.335,1770422760958,70176.06
0.665,0.296,0.705,0.335,1770422760982,70176.06
0.665,0.295,0.704,0.335,1770422761038,70176.06
0.665,0.297,0.705,0.335,1770422761040,70176.06
0.665,0.297,0.703,0.335,1770422761044,70176.06
0.665,0.29,0.703,0.335,1770422761067,70176.06
0.665,0.297,0.71,0.335,1770422761099,70176.06
0.665,0.297,0.703,0.335,1770422761120,70176.06
0.665,0.298,0.703,0.335,1770422761177,70176.06
0.665,0.298,0.702,0.335,1770422761191,70176.06
0.665,0.297,0.702,0.335,1770422761251,70168.77
0.665,0.299,0.703,0.335,1770422761256,70168.77
0.665,0.3,0.701,0.335,1770422761287,70168.77
0.665,0.3,0.7,0.335,1770422761292,70168.77
0.665,0.297,0.7,0.335,1770422761345,70168.77
0.665,0.301,0.703,0.335,1770422761346,70168.77
0.665,0.301,0.699,0.335,1770422761347,70168.77
0.665,0.298,0.699,0.335,1770422761417,70168.77
0.665,0.298,0.702,0.335,1770422761418,70168.77
0.665,0.302,0.702,0.335,1770422761419,70168.77
0.665,0.302,0.698,0.335,1770422761422,70168.77
0.665,0.29,0.698,0.335,1770422761469,70168.77
0.665,0.303,0.71,0.335,1770422761474,70168.77
0.665,0.303,0.697,0.335,1770422761479,70168.77
0.665,0.29,0.697,0.335,1770422762298,70168.76
0.665,0.29,0.71,0.335,1770422762299,70168.76
0.665,0.29,0.712,0.335,1770422762301,70168.76
0.665,0.288,0.712,0.335,1770422762308,70168.76
0.665,0.267,0.712,0.335,1770422762318,70168.76
0.665,0.267,0.733,0.335,1770422762319,70168.76
0.665,0.284,0.733,0.335,1770422762331,70168.76
0.665,0.284,0.716,0.335,1770422762345,70168.76
0.665,0.28,0.716,0.335,1770422762354,70168.76
0.665,0.28,0.72,0.335,1770422762362,70168.76
0.665,0.29,0.72,0.335,1770422762372,70168.76
0.665,0.29,0.71,0.335,1770422762392,70168.76
0.665,0.291,0.71,0.335,1770422762431,70168.76
0.665,0.291,0.709,0.335,1770422762432,70168.76
0.665,0.29,0.709,0.335,1770422762472,70168.76
0.665,0.292,0.71,0.335,1770422762473,70168.76
0.665,0.292,0.708,0.335,1770422762484,70168.76
0.665,0.28,0.708,0.335,1770422762509,70168.76
0.665,0.28,0.72,0.335,1770422762510,70168.76
0.665,0.293,0.72,0.335,1770422762512,70168.76
0.665,0.293,0.707,0.335,1770422762517,70168.76
0.665,0.294,0.707,0.335,1770422762548,70168.76
0.665,0.294,0.706,0.335,1770422762563,70168.76
0.665,0.293,0.706,0.335,1770422762583,70168.76
0.665,0.293,0.707,0.335,1770422762584,70168.76
0.665,0.295,0.707,0.335,1770422762587,70168.76
0.665,0.295,0.705,0.335,1770422762616,70168.76
0.665,0.296,0.705,0.335,1770422762627,70168.76
0.665,0.296,0.704,0.335,1770422762654,70168.76
0.665,0.29,0.704,0.335,1770422762658,70168.76
0.665,0.297,0.71,0.335,1770422762660,70168.76
0.665,0.29,0.703,0.335,1770422762695,70168.76
0.665,0.298,0.71,0.335,1770422762698,70168.76
0.665,0.298,0.702,0.335,1770422762699,70168.76
0.665,0.29,0.702,0.335,1770422762731,70168.76
0.665,0.299,0.71,0.335,1770422762737,70168.76
0.665,0.299,0.701,0.335,1770422762738,70168.76
0.665,0.3,0.701,0.335,1770422762820,70168.76
0.665,0.3,0.7,0.335,1770422762821,70168.76
0.665,0.29,0.7,0.335,1770422762892,70168.76
0.665,0.301,0.71,0.335,1770422762896,70168.76
0.665,0.301,0.699,0.335,1770422762907,70168.76
0.665,0.29,0.699,0.335,1770422762937,70168.76
0.665,0.291,0.71,0.335,1770422762939,70168.76
0.665,0.302,0.709,0.335,1770422762948,70168.76
0.665,0.302,0.698,0.335,1770422762965,70168.76
0.665,0.303,0.698,0.335,1770422763024,70168.76
0.665,0.304,0.697,0.335,1770422763047,70168.76
0.665,0.304,0.696,0.335,1770422763056,70168.76
0.665,0.305,0.696,0.335,1770422763112,70168.76
0.665,0.302,0.695,0.335,1770422763113,70168.76
0.665,0.302,0.698,0.335,1770422763119,70168.76
0.665,0.303,0.698,0.335,1770422763135,70168.76
0.665,0.303,0.697,0.335,1770422763136,70168.76
0.666,0.303,0.697,0.335,1770422763161,70168.76
0.666,0.302,0.697,0.334,1770422763172,70168.76
0.666,0.304,0.698,0.334,1770422763173,70168.76
0.666,0.302,0.696,0.334,1770422763246,70165.25
0.666,0.305,0.698,0.334,1770422763248,70165.25
0.666,0.302,0.695,0.334,1770422763274,70165.25
0.666,0.306,0.698,0.334,1770422763276,70165.25
0.666,0.306,0.694,0.334,1770422763298,70165.25
0.666,0.302,0.694,0.334,1770422763319,70165.25
0.666,0.307,0.698,0.334,1770422763333,70165.25
0.666,0.307,0.693,0.334,1770422763357,70165.25
0.666,0.303,0.693,0.334,1770422763395,70165.25
0.666,0.303,0.697,0.334,1770422763396,70165.25
0.666,0.308,0.692,0.334,1770422763446,70165.25
0.666,0.307,0.692,0.334,1770422763469,70165.25
0.666,0.307,0.693,0.334,1770422763472,70165.25
0.666,0.305,0.693,0.334,1770422763498,70165.25
0.666,0.305,0.695,0.334,1770422763518,70165.25
0.666,0.309,0.695,0.334,1770422763529,70165.25
0.666,0.309,0.691,0.334,1770422763552,70165.25
0.666,0.31,0.691,0.334,1770422765771,70165.26
0.666,0.31,0.69,0.334,1770422765772,70165.26
0.665,0.31,0.69,0.334,1770422765790,70165.26
0.665,0.31,0.69,0.335,1770422765791,70165.26
0.665,0.311,0.69,0.335,1770422765799,70165.26
0.665,0.311,0.689,0.335,1770422765801,70165.26
0.665,0.3,0.689,0.335,1770422765846,70165.26
0.665,0.312,0.7,0.335,1770422765847,70165.26
0.665,0.3,0.688,0.335,1770422765960,70165.26
0.665,0.313,0.7,0.335,1770422765970,70165.26
0.665,0.313,0.687,0.335,1770422765982,70165.26
0.665,0.3,0.687,0.335,1770422766075,70165.26
0.665,0.309,0.7,0.335,1770422766078,70165.26
0.665,0.309,0.691,0.335,1770422766082,70165.26
0.665,0.314,0.691,0.335,1770422766140,70165.26
0.665,0.314,0.686,0.335,1770422766172,70165.26
0.665,0.292,0.686,0.335,1770422768652,70164.0
0.665,0.292,0.708,0.335,1770422768653,70164.0
0.665,0.28,0.708,0.335,1770422768677,70164.0
0.665,0.296,0.72,0.335,1770422768678,70164.0
0.665,0.296,0.704,0.335,1770422768689,70164.0
0.665,0.28,0.704,0.335,1770422768700,70164.0
0.665,0.293,0.72,0.335,1770422768703,70164.0
0.665,0.297,0.707,0.335,1770422768747,70164.0
0.665,0.297,0.703,0.335,1770422768757,70164.0
