0.83,0.14,0.86,0.17,1770417200790,70882.47
0.81,0.14,0.86,0.17,1770417253048,70908.54
0.84,0.14,0.86,0.19,1770417253202,70908.54
0.84,0.14,0.86,0.16,1770417253203,70908.54
0.84,0.14,0.89,0.16,1770417275277,70972.88
0.84,0.11,0.89,0.16,1770417275333,70972.88
0.81,0.11,0.89,0.16,1770417275400,70972.88
0.85,0.11,0.89,0.19,1770417275449,70972.88
0.85,0.11,0.89,0.15,1770417275465,70972.88
0.86,0.11,0.89,0.15,1770417329726,71071.99
0.86,0.11,0.89,0.14,1770417329727,71071.99
0.87,0.11,0.89,0.14,1770417329826,71071.99
0.87,0.11,0.89,0.13,1770417329827,71071.99
0.87,0.08,0.89,0.13,1770417330936,71095.0
0.87,0.08,0.92,0.13,1770417330937,71095.0
0.86,0.08,0.92,0.13,1770417339480,71201.23
0.86,0.08,0.92,0.14,1770417344213,71186.27
0.76,0.08,0.92,0.14,1770417359016,71170.0
0.83,0.08,0.92,0.24,1770417359388,71159.68
0.83,0.08,0.92,0.17,1770417360050,71159.68
0.85,0.08,0.92,0.17,1770417365074,71188.26
0.85,0.08,0.92,0.15,1770417365131,71188.26
0.83,0.08,0.92,0.15,1770417365679,71166.9
0.83,0.08,0.92,0.1,1770417365704,71166.9
0.9,0.08,0.92,0.1,1770417365870,71166.9
0.91,0.08,0.92,0.1,1770417393298,71308.79
0.91,0.08,0.92,0.09,1770417393340,71308.79
0.9,0.08,0.92,0.09,1770417394887,71330.43
0.9,0.08,0.92,0.1,1770417394938,71330.43
0.91,0.08,0.92,0.1,1770417398353,71314.36
0.91,0.08,0.92,0.09,1770417399222,71314.36
0.9,0.08,0.92,0.09,1770417401068,71284.2
0.9,0.08,0.92,0.1,1770417401360,71266.14
0.91,0.08,0.92,0.1,1770417480923,71289.0
0.91,0.08,0.92,0.09,1770417491141,71309.01
0.9,0.08,0.92,0.09,1770417545721,71346.01
0.9,0.08,0.92,0.1,1770417545772,71346.01
0.9,0.09,0.92,0.1,1770417671723,71216.01
0.9,0.09,0.91,0.1,1770417671729,71216.01
0.9,0.08,0.91,0.1,1770417685323,71179.03
0.9,0.08,0.92,0.1,1770417688141,71216.01
0.9,0.09,0.92,0.1,1770417688667,71222.94
0.9,0.09,0.91,0.1,1770417688668,71222.94
0.9,0.09,0.91,0.12,1770417715017,71132.0
0.88,0.09,0.91,0.12,1770417715018,71132.0
0.88,0.08,0.91,0.12,1770417715088,71132.0
0.88,0.1,0.9,0.12,1770417715089,71132.0
0.88,0.08,0.9,0.12,1770417716075,71116.51
0.88,0.08,0.92,0.12,1770417716076,71116.51
0.88,0.11,0.92,0.12,1770417716078,71116.51
0.88,0.11,0.89,0.12,1770417716309,71121.59
0.88,0.08,0.92,0.12,1770417716310,71121.59
0.88,0.1,0.92,0.12,1770417716320,71121.59
0.88,0.1,0.9,0.12,1770417716334,71121.59
0.88,0.09,0.9,0.12,1770417717443,71121.59
0.88,0.11,0.91,0.12,1770417717448,71121.59
0.88,0.11,0.89,0.12,1770417717450,71121.59
0.88,0.1,0.89,0.12,1770417722000,71131.18
0.88,0.1,0.9,0.12,1770417722001,71131.18
0.88,0.08,0.9,0.12,1770417724521,71148.95
0.88,0.08,0.92,0.12,1770417724524,71148.95
0.88,0.09,0.92,0.12,1770417724541,71148.95
0.88,0.09,0.91,0.12,1770417724569,71148.95
0.88,0.08,0.91,0.12,1770417728097,71226.01
0.88,0.08,0.92,0.12,1770417728098,71226.01
0.88,0.09,0.92,0.12,1770417730532,71249.18
0.88,0.08,0.91,0.12,1770417740702,71230.0
0.88,0.08,0.92,0.12,1770417740706,71230.0
0.88,0.09,0.92,0.12,1770417741232,71230.0
0.88,0.09,0.91,0.12,1770417741235,71230.0
0.88,0.08,0.91,0.12,1770417745818,71222.45
0.88,0.08,0.92,0.12,1770417745963,71222.45
0.88,0.09,0.92,0.12,1770417745964,71222.45
0.88,0.08,0.91,0.12,1770417745986,71222.45
0.88,0.08,0.92,0.12,1770417745987,71222.45
0.88,0.09,0.92,0.12,1770417746070,71222.45
0.88,0.09,0.91,0.12,1770417746071,71222.45
0.88,0.08,0.91,0.12,1770417752996,71233.24
0.88,0.1,0.92,0.12,1770417752997,71233.24
0.88,0.1,0.9,0.12,1770417753005,71233.24
0.88,0.09,0.9,0.12,1770417757587,71189.44
0.88,0.09,0.91,0.12,1770417757588,71189.44
0.88,0.08,0.91,0.12,1770417762779,71232.0
0.88,0.08,0.92,0.12,1770417762781,71232.0
0.88,0.09,0.92,0.12,1770417764686,71259.17
0.88,0.09,0.91,0.12,1770417764689,71259.17
0.88,0.1,0.91,0.12,1770417778351,71210.01
0.88,0.1,0.9,0.12,1770417778360,71210.01
0.88,0.08,0.9,0.12,1770417778421,71210.01
0.88,0.08,0.92,0.12,1770417778439,71210.01
0.88,0.09,0.92,0.12,1770417778440,71210.01
0.88,0.08,0.91,0.12,1770417778994,71210.01
0.88,0.08,0.92,0.12,1770417778995,71210.01
0.88,0.1,0.9,0.12,1770417779467,71201.31
0.88,0.08,0.92,0.12,1770417779468,71201.31
0.88,0.09,0.92,0.12,1770417779470,71201.31
0.88,0.09,0.91,0.12,1770417779498,71201.31
0.88,0.08,0.91,0.12,1770417779541,71201.31
0.88,0.08,0.92,0.12,1770417779542,71201.31
0.88,0.1,0.92,0.12,1770417779543,71201.31
0.88,0.08,0.9,0.12,1770417779590,71201.31
0.88,0.08,0.92,0.12,1770417779591,71201.31
0.88,0.09,0.92,0.12,1770417779615,71201.31
0.88,0.09,0.91,0.12,1770417779616,71201.31
0.88,0.08,0.91,0.12,1770417779704,71201.31
0.88,0.1,0.92,0.12,1770417779706,71201.31
0.88,0.1,0.9,0.12,1770417782855,71201.3
0.88,0.09,0.9,0.12,1770417782894,71201.3
0.88,0.08,0.91,0.12,1770417783270,71232.0
0.88,0.08,0.92,0.12,1770417783272,71232.0
0.88,0.09,0.92,0.12,1770417787519,71259.17
0.88,0.09,0.91,0.12,1770417787520,71259.17
0.88,0.08,0.91,0.12,1770417787542,71259.17
0.88,0.09,0.92,0.12,1770417787619,71259.17
0.88,0.09,0.91,0.12,1770417787620,71259.17
0.88,0.08,0.91,0.12,1770417787751,71259.17
0.88,0.08,0.92,0.12,1770417787756,71259.17
0.88,0.09,0.92,0.12,1770417806699,71259.18
0.88,0.09,0.91,0.12,1770417807754,71259.17
0.88,0.08,0.91,0.12,1770417807756,71259.17
0.88,0.08,0.92,0.12,1770417807758,71259.17
0.88,0.09,0.92,0.12,1770417823589,71277.2
0.88,0.09,0.91,0.12,1770417823590,71277.2
0.88,0.08,0.91,0.12,1770417824049,71277.2
0.88,0.08,0.92,0.12,1770417824058,71277.2
0.88,0.09,0.92,0.12,1770417824123,71277.2
0.88,0.09,0.91,0.12,1770417824124,71277.2
0.88,0.08,0.91,0.12,1770417824723,71266.81
0.88,0.08,0.92,0.12,1770417824728,71266.81
0.88,0.09,0.92,0.12,1770417841254,71274.01
0.88,0.09,0.91,0.12,1770417841365,71274.01
0.88,0.08,0.91,0.12,1770417843252,71250.54
0.88,0.08,0.92,0.12,1770417843253,71250.54
0.88,0.09,0.92,0.12,1770417846396,71277.2
0.88,0.09,0.91,0.12,1770417846410,71277.2
0.88,0.08,0.91,0.12,1770417853787,71260.21
0.88,0.08,0.92,0.12,1770417854172,71260.21
0.88,0.09,0.92,0.12,1770417856086,71263.09
0.88,0.09,0.91,0.12,1770417856087,71263.09
0.88,0.08,0.91,0.12,1770417869434,71224.0
0.88,0.1,0.92,0.12,1770417869435,71224.0
0.88,0.08,0.9,0.12,1770417872261,71192.2
0.88,0.09,0.92,0.12,1770417872269,71192.2
0.88,0.09,0.91,0.12,1770417872319,71192.2
0.88,0.08,0.91,0.12,1770417876018,71226.67
0.88,0.1,0.9,0.12,1770417878678,71179.95
0.86,0.1,0.9,0.12,1770417890448,71192.2
0.86,0.1,0.9,0.14,1770417899880,71190.96
0.86,0.08,0.9,0.14,1770417902698,71217.83
0.86,0.09,0.91,0.14,1770417902701,71217.83
0.86,0.08,0.91,0.14,1770417903764,71229.0
0.86,0.08,0.92,0.14,1770417903765,71229.0
0.86,0.1,0.92,0.14,1770417903768,71229.0
0.86,0.08,0.9,0.14,1770417907024,71180.01
0.86,0.08,0.92,0.14,1770417907025,71180.01
0.86,0.11,0.92,0.14,1770417907026,71180.01
0.86,0.11,0.89,0.14,1770417907060,71180.01
0.86,0.08,0.89,0.14,1770417924341,71162.27
0.86,0.1,0.92,0.14,1770417924342,71162.27
0.86,0.08,0.9,0.14,1770417924521,71162.27
0.86,0.08,0.92,0.14,1770417924522,71162.27
0.86,0.08,0.89,0.14,1770417924537,71162.27
0.86,0.1,0.91,0.14,1770417924590,71162.27
0.86,0.1,0.9,0.14,1770417924598,71162.27
0.86,0.11,0.9,0.14,1770417924629,71162.27
0.86,0.11,0.89,0.14,1770417924738,71162.27
0.86,0.1,0.92,0.14,1770417924742,71162.27
0.86,0.08,0.9,0.14,1770417926560,71173.94
0.86,0.11,0.89,0.14,1770417927583,71168.95
0.86,0.08,0.89,0.14,1770417939960,71140.56
0.86,0.08,0.92,0.14,1770417939961,71140.56
0.86,0.12,0.92,0.14,1770417939962,71140.56
0.86,0.12,0.88,0.14,1770417939970,71140.56
0.86,0.08,0.88,0.14,1770417940081,71140.56
0.86,0.08,0.92,0.14,1770417940082,71140.56
0.86,0.11,0.92,0.14,1770417940083,71140.56
0.86,0.11,0.89,0.14,1770417940105,71140.56
0.86,0.08,0.89,0.14,1770417940164,71140.56
0.86,0.12,0.88,0.14,1770417940187,71140.56
0.86,0.09,0.88,0.14,1770417940192,71140.56
0.86,0.1,0.91,0.14,1770417940235,71140.56
0.86,0.1,0.9,0.14,1770417940237,71140.56
0.86,0.08,0.9,0.14,1770417940263,71122.22
0.86,0.11,0.92,0.14,1770417940267,71122.22
0.86,0.12,0.89,0.14,1770417940311,71122.22
0.86,0.12,0.88,0.14,1770417940312,71122.22
0.86,0.09,0.88,0.14,1770417960769,71073.26
0.86,0.13,0.91,0.14,1770417960771,71073.26
0.86,0.13,0.87,0.14,1770417960774,71073.26
0.86,0.09,0.87,0.14,1770417972361,71071.67
0.86,0.09,0.91,0.14,1770417972362,71071.67
0.86,0.1,0.91,0.14,1770417972379,71071.67
0.86,0.12,0.9,0.14,1770417972393,71071.67
0.86,0.12,0.88,0.14,1770417972394,71071.67
0.86,0.09,0.88,0.14,1770417983953,71085.71
0.86,0.09,0.91,0.14,1770417983954,71085.71
0.86,0.13,0.91,0.14,1770417983963,71085.71
0.86,0.13,0.87,0.14,1770417983964,71085.71
0.86,0.09,0.87,0.14,1770417988884,71066.12
0.86,0.09,0.91,0.14,1770417988885,71066.12
0.86,0.12,0.91,0.14,1770417988893,71066.12
0.86,0.12,0.88,0.14,1770417988913,71066.12
0.86,0.09,0.88,0.14,1770417998193,71098.64
0.86,0.13,0.91,0.14,1770417998217,71098.64
0.86,0.13,0.87,0.14,1770417998266,71098.64
0.86,0.12,0.87,0.14,1770417998280,71098.64
0.86,0.12,0.88,0.14,1770417998336,71098.64
0.86,0.09,0.88,0.14,1770417998367,71098.64
0.86,0.13,0.87,0.14,1770417998368,71098.64
0.86,0.09,0.87,0.14,1770417998392,71098.64
0.86,0.1,0.91,0.14,1770417998395,71098.64
0.86,0.11,0.9,0.14,1770417998444,71098.64
0.86,0.09,0.89,0.14,1770417998471,71098.64
0.86,0.12,0.91,0.14,1770417998475,71098.64
0.86,0.09,0.88,0.14,1770417998567,71098.64
0.86,0.09,0.87,0.14,1770417999660,71067.41
0.86,0.12,0.88,0.14,1770418001156,71075.73
0.86,0.13,0.88,0.14,1770418001158,71075.73
0.86,0.13,0.87,0.14,1770418001161,71075.73
0.86,0.09,0.87,0.14,1770418002415,71075.73
0.86,0.09,0.91,0.14,1770418002417,71075.73
0.86,0.12,0.91,0.14,1770418002418,71075.73
0.86,0.09,0.88,0.14,1770418002440,71075.73
0.86,0.09,0.91,0.14,1770418002441,71075.73
0.86,0.1,0.91,0.14,1770418002445,71075.73
0.86,0.09,0.9,0.14,1770418002488,71075.73
0.86,0.11,0.91,0.14,1770418002489,71075.73
0.86,0.11,0.89,0.14,1770418002493,71075.73
0.86,0.09,0.89,0.14,1770418002516,71075.73
0.86,0.12,0.91,0.14,1770418002519,71075.73
0.86,0.09,0.88,0.14,1770418002561,71075.73
0.86,0.09,0.91,0.14,1770418002562,71075.73
0.86,0.13,0.91,0.14,1770418002567,71075.73
0.86,0.13,0.87,0.14,1770418002587,71075.73
0.86,0.1,0.87,0.14,1770418003711,71075.73
0.86,0.09,0.9,0.14,1770418003712,71075.73
0.86,0.12,0.88,0.14,1770418003713,71075.73
0.86,0.09,0.88,0.14,1770418003844,71075.73
0.86,0.13,0.91,0.14,1770418003846,71075.73
0.86,0.13,0.87,0.14,1770418004846,71075.73
0.86,0.12,0.87,0.14,1770418004850,71075.73
0.86,0.12,0.88,0.14,1770418004851,71075.73
0.86,0.09,0.88,0.14,1770418010418,71099.9
0.86,0.09,0.91,0.14,1770418010419,71099.9
0.86,0.11,0.91,0.14,1770418010425,71099.9
0.86,0.11,0.89,0.14,1770418010901,71099.9
0.86,0.08,0.89,0.14,1770418017609,71156.0
0.86,0.1,0.92,0.14,1770418017610,71156.0
0.86,0.1,0.9,0.14,1770418017632,71156.0
0.86,0.08,0.91,0.14,1770418017707,71156.0
0.86,0.1,0.92,0.14,1770418017708,71156.0
0.86,0.1,0.9,0.14,1770418020557,71184.76
0.86,0.08,0.9,0.14,1770418025634,71171.1
0.86,0.11,0.92,0.14,1770418025635,71171.1
0.86,0.11,0.89,0.14,1770418026252,71157.27
0.86,0.08,0.89,0.14,1770418026256,71157.27
0.86,0.1,0.92,0.14,1770418026258,71157.27
0.86,0.1,0.9,0.14,1770418026285,71157.27
0.86,0.09,0.9,0.14,1770418028397,71198.0
0.86,0.09,0.91,0.14,1770418028398,71198.0
0.86,0.08,0.91,0.14,1770418029274,71198.0
0.86,0.08,0.92,0.14,1770418029276,71198.0
0.86,0.1,0.92,0.14,1770418029278,71204.96
0.86,0.1,0.9,0.14,1770418029279,71204.96
0.86,0.08,0.9,0.14,1770418030321,71196.0
0.86,0.08,0.92,0.14,1770418030322,71196.0
0.86,0.09,0.92,0.14,1770418030325,71196.0
0.86,0.09,0.91,0.14,1770418032768,71222.86
0.86,0.08,0.91,0.14,1770418056754,71238.0
0.86,0.08,0.92,0.14,1770418056755,71238.0
0.86,0.09,0.92,0.14,1770418056832,71238.0
0.86,0.09,0.91,0.14,1770418056833,71238.0
0.86,0.08,0.91,0.14,1770418062754,71234.8
0.86,0.08,0.92,0.14,1770418062755,71234.8
0.86,0.09,0.92,0.14,1770418062831,71234.8
0.86,0.09,0.91,0.14,1770418062833,71234.8
0.86,0.08,0.91,0.14,1770418067749,71235.17
0.86,0.08,0.92,0.14,1770418067751,71235.17
0.86,0.09,0.92,0.14,1770418070235,71245.99
0.86,0.08,0.91,0.14,1770418070750,71246.0
0.86,0.08,0.92,0.14,1770418070751,71246.0
0.86,0.09,0.92,0.14,1770418070901,71246.0
0.86,0.08,0.91,0.14,1770418071363,71240.81
0.86,0.08,0.92,0.14,1770418071365,71240.81
0.86,0.09,0.92,0.14,1770418072370,71240.82
0.86,0.09,0.91,0.14,1770418072392,71240.82
0.86,0.08,0.91,0.14,1770418072763,71240.82
0.86,0.08,0.92,0.14,1770418074119,71240.81
0.86,0.09,0.92,0.14,1770418074122,71240.81
0.86,0.08,0.91,0.14,1770418078322,71239.22
0.86,0.08,0.92,0.14,1770418078323,71239.22
0.86,0.09,0.92,0.14,1770418078756,71239.22
0.86,0.09,0.91,0.14,1770418078757,71239.22
0.86,0.08,0.91,0.14,1770418078784,71239.22
0.86,0.08,0.92,0.14,1770418078825,71239.22
0.86,0.09,0.92,0.14,1770418079123,71239.22
0.86,0.09,0.91,0.14,1770418079124,71239.22
0.87,0.09,0.91,0.14,1770418079134,71239.22
0.87,0.09,0.91,0.13,1770418079225,71239.22
0.88,0.09,0.91,0.13,1770418079253,71239.22
0.88,0.09,0.91,0.12,1770418079254,71239.22
0.88,0.08,0.91,0.12,1770418081897,71233.34
0.88,0.08,0.92,0.12,1770418087586,71240.81
0.88,0.09,0.92,0.12,1770418087590,71240.81
0.88,0.08,0.91,0.12,1770418089647,71226.27
0.88,0.08,0.92,0.12,1770418089648,71226.27
0.88,0.09,0.92,0.12,1770418089728,71226.27
0.88,0.08,0.91,0.12,1770418089751,71226.27
0.88,0.08,0.92,0.12,1770418089800,71226.27
0.89,0.08,0.92,0.12,1770418104538,71365.69
0.89,0.08,0.92,0.11,1770418104664,71365.69
0.9,0.08,0.92,0.11,1770418104710,71365.69
0.9,0.08,0.92,0.1,1770418110049,71363.72
0.91,0.08,0.92,0.1,1770418345075,71412.24
0.91,0.08,0.92,0.09,1770418350050,71422.81
0.91,0.08,0.93,0.09,1770418500033,71572.07
0.91,0.07,0.93,0.09,1770418500058,71572.07
0.92,0.07,0.93,0.09,1770418500103,71572.07
0.92,0.07,0.93,0.08,1770418500167,71572.07
0.91,0.07,0.93,0.08,1770418510227,71458.0
0.91,0.07,0.93,0.09,1770418510228,71458.0
0.92,0.07,0.93,0.09,1770418511765,71451.0
0.91,0.07,0.93,0.08,1770418511787,71451.0
0.91,0.07,0.93,0.09,1770418511835,71451.0
0.92,0.07,0.93,0.09,1770418511861,71451.0
0.92,0.07,0.93,0.08,1770418511862,71451.0
0.91,0.07,0.93,0.08,1770418515266,71476.8
0.91,0.07,0.93,0.09,1770418515267,71476.8
0.92,0.07,0.93,0.09,1770418518739,71473.37
0.92,0.07,0.93,0.08,1770418518750,71473.37
0.91,0.07,0.93,0.08,1770418519318,71473.37
0.91,0.07,0.93,0.09,1770418519319,71473.37
0.92,0.07,0.93,0.09,1770418519394,71473.37
0.92,0.07,0.93,0.08,1770418519399,71473.37
0.91,0.07,0.93,0.08,1770418519751,71473.37
0.91,0.07,0.93,0.09,1770418519752,71473.37
0.92,0.07,0.93,0.09,1770418542639,71398.38
0.91,0.07,0.93,0.08,1770418542666,71398.38
0.92,0.07,0.93,0.09,1770418542738,71398.38
0.92,0.07,0.93,0.08,1770418542749,71398.38
0.91,0.07,0.93,0.08,1770418556202,71423.98
0.91,0.07,0.93,0.09,1770418556203,71423.98
0.92,0.07,0.93,0.09,1770418568881,71392.0
0.91,0.07,0.93,0.08,1770418574767,71409.01
0.91,0.07,0.93,0.09,1770418574768,71409.01
0.92,0.07,0.93,0.09,1770418590103,71385.6
0.92,0.07,0.93,0.08,1770418590104,71385.6
0.91,0.07,0.93,0.08,1770418591255,71390.35
0.91,0.07,0.93,0.09,1770418591256,71390.35
0.92,0.07,0.93,0.09,1770418612351,71380.6
0.92,0.07,0.93,0.08,1770418612352,71380.6
0.91,0.07,0.93,0.08,1770418614336,71395.65
0.91,0.07,0.93,0.09,1770418614342,71395.65
0.92,0.07,0.93,0.09,1770418642790,71380.27
0.92,0.07,0.93,0.08,1770418642791,71380.27
0.91,0.07,0.93,0.08,1770418642814,71380.27
0.91,0.07,0.93,0.09,1770418642815,71380.27
0.92,0.07,0.93,0.09,1770418643755,71392.75
0.92,0.07,0.93,0.08,1770418643756,71392.75
0.91,0.07,0.93,0.08,1770418643999,71392.75
0.91,0.07,0.93,0.09,1770418644000,71392.75
0.92,0.07,0.93,0.09,1770418648753,71392.46
0.92,0.07,0.93,0.08,1770418648754,71392.46
0.91,0.07,0.93,0.08,1770418702155,71326.43
0.91,0.07,0.93,0.09,1770418702156,71326.43
0.92,0.07,0.93,0.09,1770418707503,71313.7
0.91,0.07,0.93,0.08,1770418707522,71313.7
0.91,0.07,0.93,0.09,1770418707559,71313.7
0.92,0.07,0.93,0.09,1770418707758,71313.7
0.92,0.07,0.93,0.08,1770418709160,71313.71
0.91,0.07,0.93,0.08,1770418709167,71313.71
0.91,0.07,0.93,0.09,1770418709723,71313.72
0.92,0.07,0.93,0.08,1770418716478,71340.79
0.91,0.07,0.93,0.08,1770418784602,71383.03
0.91,0.07,0.93,0.09,1770418784603,71383.03
0.92,0.07,0.93,0.09,1770418784662,71383.03
0.92,0.07,0.93,0.08,1770418790617,71377.81
0.92,0.05,0.93,0.08,1770418888149,71350.25
0.92,0.05,0.95,0.08,1770418888203,71350.25
0.93,0.05,0.95,0.08,1770418888220,71350.25
0.92,0.05,0.95,0.07,1770418888271,71350.24
0.94,0.05,0.95,0.08,1770418888276,71350.24
0.94,0.05,0.95,0.06,1770418904438,71389.32
0.94,0.04,0.95,0.05,1770418990149,71570.0
0.95,0.04,0.96,0.05,1770418990150,71570.0
0.95,0.03,0.96,0.05,1770419078607,71663.97
0.95,0.03,0.97,0.05,1770419078608,71663.97
0.95,0.02,0.97,0.05,1770419092820,71670.9
0.95,0.02,0.98,0.05,1770419092857,71670.9
0.96,0.02,0.98,0.05,1770419094458,71682.96
0.96,0.02,0.98,0.04,1770419094576,71682.96
0.95,0.02,0.98,0.04,1770419094968,71682.96
0.95,0.02,0.98,0.05,1770419095046,71682.96
0.95,0.03,0.98,0.05,1770419251615,71580.01
0.95,0.03,0.97,0.05,1770419254839,71579.67
0.91,0.03,0.97,0.05,1770419491736,71245.99
0.91,0.03,0.97,0.09,1770419491737,71245.99
0.91,0.023,0.97,0.09,1770419492021,71245.99
0.91,0.023,0.977,0.09,1770419492022,71245.99
0.91,0.03,0.977,0.09,1770419492139,71245.99
0.91,0.03,0.97,0.09,1770419493327,71239.7
0.91,0.021,0.97,0.09,1770419557313,71172.04
0.91,0.031,0.979,0.09,1770419557314,71172.04
0.91,0.021,0.969,0.09,1770419557337,71172.04
0.91,0.026,0.979,0.09,1770419557352,71172.04
0.91,0.026,0.974,0.09,1770419557363,71172.04
0.91,0.027,0.974,0.09,1770419557398,71172.04
0.91,0.027,0.973,0.09,1770419557399,71172.04
0.91,0.028,0.973,0.09,1770419557426,71172.04
0.91,0.029,0.972,0.09,1770419557473,71172.04
0.91,0.029,0.971,0.09,1770419557474,71172.04
0.91,0.03,0.971,0.09,1770419557554,71172.04
0.91,0.03,0.97,0.09,1770419557555,71172.04
0.91,0.031,0.97,0.09,1770419557823,71172.04
0.91,0.031,0.969,0.09,1770419558148,71172.04
0.91,0.032,0.969,0.09,1770419558544,71165.67
0.91,0.031,0.968,0.09,1770419558573,71165.67
0.91,0.021,0.969,0.09,1770419558612,71165.67
0.91,0.021,0.979,0.09,1770419558613,71165.67
0.91,0.022,0.979,0.09,1770419558638,71165.67
0.91,0.022,0.978,0.09,1770419558639,71165.67
0.91,0.021,0.978,0.09,1770419558662,71165.67
0.91,0.023,0.979,0.09,1770419558665,71165.67
0.91,0.024,0.977,0.09,1770419558697,71165.67
0.91,0.027,0.976,0.09,1770419558734,71165.67
0.91,0.027,0.973,0.09,1770419558736,71165.67
0.91,0.028,0.973,0.09,1770419558814,71165.67
0.91,0.028,0.972,0.09,1770419558880,71165.67
0.91,0.029,0.972,0.09,1770419558887,71165.67
0.91,0.029,0.971,0.09,1770419558889,71165.67
0.91,0.021,0.971,0.09,1770419558914,71165.67
0.91,0.03,0.979,0.09,1770419558947,71165.67
0.91,0.03,0.97,0.09,1770419558948,71165.67
0.91,0.031,0.97,0.09,1770419558990,71165.67
0.91,0.032,0.969,0.09,1770419559089,71165.67
0.91,0.032,0.968,0.09,1770419559773,71151.76
0.91,0.023,0.968,0.09,1770419617216,71154.9
0.91,0.031,0.977,0.09,1770419617219,71136.6
0.91,0.032,0.969,0.09,1770419617264,71136.6
0.91,0.033,0.968,0.09,1770419617265,71136.6
0.91,0.033,0.967,0.09,1770419617280,71136.6
0.91,0.034,0.967,0.09,1770419617587,71136.6
0.91,0.034,0.966,0.09,1770419619764,71136.59
0.91,0.035,0.966,0.09,1770419647200,71130.01
0.91,0.035,0.965,0.09,1770419648659,71126.6
0.91,0.036,0.965,0.09,1770419648712,71126.6
0.91,0.036,0.964,0.09,1770419648713,71126.6
0.91,0.033,0.964,0.09,1770419648773,71126.6
0.91,0.035,0.967,0.09,1770419648789,71126.6
0.91,0.033,0.965,0.09,1770419648993,71126.6
0.91,0.036,0.967,0.09,1770419649004,71126.6
0.91,0.036,0.964,0.09,1770419649019,71126.6
0.91,0.037,0.964,0.09,1770419649554,71109.68
0.91,0.037,0.963,0.09,1770419649555,71109.68
0.9,0.037,0.963,0.09,1770419650368,71109.68
0.9,0.037,0.963,0.1,1770419650369,71109.68
0.9,0.038,0.963,0.1,1770419650931,71109.68
0.9,0.038,0.962,0.1,1770419650945,71109.68
0.9,0.033,0.962,0.1,1770419651059,71109.68
0.9,0.037,0.967,0.1,1770419651061,71109.68
0.9,0.039,0.963,0.1,1770419651074,71109.68
0.9,0.039,0.961,0.1,1770419651214,71109.68
0.9,0.04,0.961,0.1,1770419657123,71099.99
0.9,0.04,0.96,0.1,1770419657125,71099.99
0.9,0.033,0.96,0.1,1770419657253,71077.68
0.9,0.039,0.967,0.1,1770419657254,71077.68
0.9,0.041,0.961,0.1,1770419657260,71077.68
0.9,0.041,0.959,0.1,1770419657277,71077.68
0.9,0.042,0.959,0.1,1770419659150,71077.86
0.9,0.042,0.958,0.1,1770419659151,71077.86
0.9,0.043,0.958,0.1,1770419659290,71076.0
0.9,0.043,0.957,0.1,1770419659926,71076.0
0.9,0.033,0.957,0.1,1770419690676,71151.98
0.865,0.033,0.967,0.1,1770419690677,71151.98
0.865,0.033,0.967,0.135,1770419690913,71151.98
0.865,0.034,0.967,0.135,1770419694193,71162.0
0.865,0.033,0.966,0.135,1770419694283,71162.0
0.865,0.034,0.967,0.135,1770419694357,71141.9
0.865,0.034,0.966,0.135,1770419694358,71141.9
0.865,0.033,0.966,0.135,1770419695662,71136.56
0.865,0.035,0.967,0.135,1770419695663,71136.56
0.865,0.036,0.965,0.135,1770419695696,71136.56
0.865,0.033,0.964,0.135,1770419696104,71136.56
0.865,0.033,0.967,0.135,1770419696105,71136.56
0.865,0.037,0.967,0.135,1770419696109,71136.56
0.865,0.037,0.963,0.135,1770419696110,71136.56
0.865,0.033,0.963,0.135,1770419696132,71136.56
0.865,0.034,0.967,0.135,1770419696133,71136.56
0.865,0.033,0.966,0.135,1770419696183,71136.56
0.865,0.033,0.965,0.135,1770419696212,71136.56
0.865,0.036,0.967,0.135,1770419696214,71136.56
0.865,0.033,0.964,0.135,1770419696253,71121.62
0.865,0.033,0.967,0.135,1770419696254,71121.62
0.865,0.037,0.963,0.135,1770419696275,71121.62
0.865,0.033,0.963,0.135,1770419697820,71109.42
0.865,0.036,0.967,0.135,1770419697823,71109.42
0.865,0.036,0.964,0.135,1770419697986,71109.42
0.865,0.033,0.964,0.135,1770419699443,71121.63
0.865,0.035,0.967,0.135,1770419699446,71121.63
0.865,0.035,0.965,0.135,1770419699469,71121.63
0.865,0.034,0.965,0.135,1770419700978,71121.62
0.865,0.033,0.964,0.135,1770419701820,71116.64
0.865,0.037,0.967,0.135,1770419701824,71116.64
0.865,0.037,0.963,0.135,1770419701825,71116.64
0.865,0.033,0.963,0.135,1770419701847,71116.64
0.865,0.034,0.967,0.135,1770419701851,71116.64
0.865,0.033,0.966,0.135,1770419701896,71116.64
0.865,0.035,0.967,0.135,1770419701898,71116.64
0.865,0.033,0.965,0.135,1770419701924,71116.64
0.865,0.036,0.967,0.135,1770419701926,71116.64
0.865,0.033,0.964,0.135,1770419701973,71116.64
0.865,0.037,0.967,0.135,1770419701988,71116.64
0.865,0.037,0.963,0.135,1770419702008,71116.64
0.865,0.033,0.963,0.135,1770419702047,71116.64
0.865,0.038,0.967,0.135,1770419702049,71116.64
0.865,0.038,0.962,0.135,1770419702135,71116.64
0.865,0.033,0.962,0.135,1770419702136,71116.64
0.865,0.039,0.961,0.135,1770419702147,71116.64
0.865,0.04,0.961,0.135,1770419702158,71116.64
0.865,0.04,0.96,0.135,1770419702452,71093.99
0.865,0.041,0.96,0.135,1770419702454,71093.99
0.865,0.041,0.959,0.135,1770419702460,71093.99
0.865,0.033,0.959,0.135,1770419702716,71093.99
0.865,0.042,0.967,0.135,1770419702717,71093.99
0.865,0.033,0.958,0.135,1770419703040,71093.99
0.865,0.041,0.967,0.135,1770419703041,71093.99
0.865,0.033,0.959,0.135,1770419703143,71093.99
0.865,0.04,0.96,0.135,1770419703145,71093.99
0.865,0.033,0.96,0.135,1770419703243,71076.45
0.865,0.033,0.967,0.135,1770419703244,71076.45
0.865,0.033,0.961,0.135,1770419706153,71089.32
0.865,0.033,0.967,0.135,1770419706154,71089.32
0.865,0.038,0.967,0.135,1770419706168,71089.32
0.865,0.033,0.962,0.135,1770419706354,71089.32
0.865,0.037,0.963,0.135,1770419706375,71089.32
0.865,0.038,0.963,0.135,1770419706427,71089.32
0.865,0.038,0.962,0.135,1770419706444,71089.32
0.865,0.033,0.962,0.135,1770419706451,71089.32
0.865,0.034,0.967,0.135,1770419706509,71089.32
0.865,0.035,0.966,0.135,1770419706530,71089.32
0.865,0.035,0.965,0.135,1770419706531,71089.32
0.865,0.036,0.965,0.135,1770419706558,71089.32
0.865,0.036,0.964,0.135,1770419706569,71089.32
0.865,0.033,0.964,0.135,1770419706608,71089.32
0.865,0.037,0.967,0.135,1770419706610,71089.32
0.865,0.033,0.963,0.135,1770419706642,71089.32
0.865,0.038,0.967,0.135,1770419706645,71089.32
0.865,0.033,0.962,0.135,1770419707280,71098.0
0.865,0.033,0.967,0.135,1770419707281,71098.0
0.865,0.039,0.967,0.135,1770419707288,71098.0
0.865,0.039,0.961,0.135,1770419707315,71098.0
0.865,0.04,0.961,0.135,1770419707549,71098.0
0.865,0.04,0.96,0.135,1770419707550,71098.0
0.865,0.033,0.96,0.135,1770419707655,71098.0
0.865,0.041,0.959,0.135,1770419707656,71098.0
0.865,0.033,0.959,0.135,1770419707702,71098.0
0.865,0.033,0.967,0.135,1770419707703,71098.0
0.865,0.04,0.967,0.135,1770419707726,71098.0
0.865,0.033,0.96,0.135,1770419707781,71098.0
0.865,0.033,0.967,0.135,1770419707782,71098.0
0.865,0.033,0.959,0.135,1770419709927,71079.37
0.865,0.04,0.967,0.135,1770419709934,71079.37
0.865,0.033,0.96,0.135,1770419709964,71079.37
0.865,0.034,0.967,0.135,1770419709966,71079.37
0.865,0.033,0.966,0.135,1770419710002,71079.37
0.865,0.035,0.967,0.135,1770419710006,71079.37
0.865,0.033,0.965,0.135,1770419710036,71079.37
0.865,0.036,0.967,0.135,1770419710039,71079.37
0.865,0.033,0.964,0.135,1770419710077,71079.37
0.865,0.037,0.967,0.135,1770419710081,71079.37
0.865,0.033,0.963,0.135,1770419710110,71079.37
0.865,0.038,0.967,0.135,1770419710112,71079.37
0.865,0.038,0.962,0.135,1770419710113,71079.37
0.865,0.033,0.962,0.135,1770419710151,71079.37
0.865,0.039,0.967,0.135,1770419710153,71079.37
0.865,0.033,0.961,0.135,1770419710186,71079.37
0.865,0.04,0.967,0.135,1770419710187,71079.37
0.865,0.033,0.96,0.135,1770419710344,71079.37
0.865,0.041,0.967,0.135,1770419710354,71079.37
0.874,0.041,0.959,0.135,1770419710903,71079.37
0.874,0.033,0.959,0.126,1770419710927,71079.37
0.874,0.033,0.967,0.126,1770419710928,71079.37
0.874,0.042,0.958,0.126,1770419710949,71079.37
0.874,0.041,0.958,0.126,1770419711665,71079.38
0.874,0.043,0.959,0.126,1770419711780,71079.38
0.874,0.043,0.957,0.126,1770419711781,71079.38
0.874,0.033,0.957,0.126,1770419713315,71076.01
0.874,0.044,0.967,0.126,1770419713318,71076.01
0.874,0.044,0.956,0.126,1770419713331,71076.01
0.874,0.034,0.956,0.126,1770419713378,71076.01
0.874,0.033,0.966,0.126,1770419713390,71076.01
0.874,0.043,0.967,0.126,1770419713391,71076.01
0.874,0.045,0.957,0.126,1770419713421,71076.01
0.874,0.045,0.955,0.126,1770419713905,71076.01
0.874,0.046,0.955,0.126,1770419714425,71064.81
0.874,0.046,0.954,0.126,1770419714427,71064.81
0.874,0.047,0.954,0.126,1770419714503,71064.81
0.874,0.047,0.953,0.126,1770419714621,71064.81
0.874,0.048,0.953,0.126,1770419714888,71064.81
0.874,0.048,0.952,0.126,1770419715549,71039.95
0.874,0.049,0.952,0.126,1770419715552,71039.95
0.874,0.048,0.951,0.126,1770419715583,71039.95
0.874,0.05,0.952,0.126,1770419715588,71039.95
0.874,0.048,0.95,0.126,1770419715611,71039.95
0.874,0.034,0.967,0.126,1770419715634,71039.95
0.874,0.051,0.966,0.126,1770419715650,71039.95
0.874,0.051,0.949,0.126,1770419715682,71039.95
0.874,0.052,0.949,0.126,1770419716242,71016.21
0.874,0.052,0.948,0.126,1770419716842,71016.21
0.874,0.053,0.948,0.126,1770419716881,71016.21
0.874,0.053,0.947,0.126,1770419716920,71016.21
0.874,0.052,0.947,0.126,1770419716929,71016.21
0.874,0.054,0.948,0.126,1770419716930,71016.21
0.874,0.054,0.946,0.126,1770419716969,71016.21
0.874,0.055,0.946,0.126,1770419717135,71016.21
0.874,0.055,0.945,0.126,1770419717136,71016.21
0.874,0.056,0.945,0.126,1770419718074,71000.01
0.874,0.056,0.944,0.126,1770419718075,71000.01
0.874,0.052,0.944,0.126,1770419718288,71000.0
0.874,0.057,0.948,0.126,1770419718300,71000.0
0.874,0.057,0.943,0.126,1770419718604,71000.0
0.874,0.058,0.943,0.126,1770419721097,70998.91
0.874,0.058,0.942,0.126,1770419721382,70988.42
0.874,0.059,0.942,0.126,1770419721473,70988.42
0.874,0.059,0.941,0.126,1770419721491,70988.42
0.874,0.06,0.941,0.126,1770419721544,70988.42
0.874,0.06,0.94,0.126,1770419722080,70988.42
0.874,0.061,0.94,0.126,1770419722291,70969.84
0.874,0.061,0.939,0.126,1770419722339,70969.84
0.874,0.065,0.939,0.126,1770419727580,70994.78
0.874,0.065,0.935,0.126,1770419728469,71005.99
0.874,0.066,0.935,0.126,1770419747028,70956.09
0.874,0.066,0.934,0.126,1770419747029,70956.09
0.874,0.067,0.934,0.126,1770419891051,70952.0
0.874,0.067,0.933,0.126,1770419891082,70952.0
0.874,0.068,0.933,0.126,1770419891153,70952.0
0.874,0.068,0.932,0.126,1770419891438,70943.11
0.874,0.069,0.932,0.126,1770419893089,70943.1
0.874,0.069,0.931,0.126,1770419893205,70943.1
0.874,0.07,0.931,0.126,1770419893261,70933.33
0.874,0.07,0.93,0.126,1770419893313,70933.33
0.874,0.071,0.93,0.126,1770419894166,70933.33
0.874,0.07,0.929,0.126,1770419894190,70933.33
0.874,0.07,0.93,0.126,1770419894214,70933.33
0.874,0.071,0.93,0.126,1770419895149,70928.0
0.874,0.071,0.929,0.126,1770419895153,70928.0
0.874,0.07,0.929,0.126,1770419895301,70919.72
0.874,0.07,0.93,0.126,1770419895304,70919.72
0.874,0.035,0.93,0.126,1770419895671,70919.72
0.874,0.071,0.965,0.126,1770419895673,70919.72
0.874,0.071,0.929,0.126,1770419895676,70919.72
0.874,0.035,0.929,0.126,1770419895740,70919.72
0.874,0.07,0.965,0.126,1770419895745,70919.72
0.874,0.07,0.93,0.126,1770419895798,70919.72
0.874,0.035,0.93,0.126,1770419896141,70919.72
0.874,0.071,0.965,0.126,1770419896142,70919.72
0.874,0.071,0.929,0.126,1770419896163,70919.72
0.874,0.072,0.929,0.126,1770419896510,70919.71
0.874,0.072,0.928,0.126,1770419897226,70919.71
0.874,0.073,0.928,0.126,1770419898420,70919.71
0.874,0.072,0.927,0.126,1770419898440,70919.71
0.874,0.074,0.928,0.126,1770419898455,70919.71
0.874,0.074,0.926,0.126,1770419898458,70919.71
0.874,0.075,0.926,0.126,1770419898472,70919.71
0.874,0.075,0.925,0.126,1770419898476,70919.71
0.874,0.073,0.925,0.126,1770419898532,70919.71
0.874,0.035,0.927,0.126,1770419898551,70919.71
0.874,0.074,0.965,0.126,1770419898553,70919.71
0.874,0.074,0.926,0.126,1770419898578,70919.71
0.874,0.036,0.926,0.126,1770419898580,70919.71
0.874,0.075,0.964,0.126,1770419898612,70919.71
0.874,0.075,0.925,0.126,1770419898620,70919.71
0.874,0.076,0.925,0.126,1770419898755,70919.71
0.874,0.076,0.924,0.126,1770419898834,70919.71
0.874,0.077,0.924,0.126,1770419898932,70919.71
0.874,0.077,0.923,0.126,1770419898944,70919.71
0.865,0.077,0.923,0.126,1770419899054,70919.71
0.865,0.078,0.923,0.135,1770419899081,70919.71
0.867,0.078,0.922,0.135,1770419899130,70919.71
0.867,0.078,0.922,0.133,1770419899131,70919.71
0.867,0.079,0.922,0.133,1770419899655,70892.01
0.867,0.079,0.921,0.133,1770419900082,70892.01
0.867,0.08,0.921,0.133,1770419900247,70888.72
0.867,0.08,0.92,0.133,1770419900257,70888.72
0.867,0.035,0.92,0.133,1770419900285,70888.72
0.867,0.035,0.965,0.133,1770419900286,70888.72
0.867,0.081,0.965,0.133,1770419900290,70888.72
0.867,0.081,0.919,0.133,1770419900311,70888.72
0.867,0.082,0.919,0.133,1770419900407,70888.72
0.867,0.082,0.918,0.133,1770419900494,70888.72
0.867,0.083,0.918,0.133,1770419902231,70878.01
0.867,0.083,0.917,0.133,1770419902233,70878.01
0.867,0.084,0.917,0.133,1770419902330,70878.01
0.867,0.084,0.916,0.133,1770419902360,70878.01
0.867,0.085,0.916,0.133,1770419902597,70878.01
0.867,0.085,0.915,0.133,1770419902652,70878.01
0.865,0.085,0.915,0.133,1770419902655,70878.01
0.865,0.038,0.915,0.135,1770419902667,70878.01
0.865,0.038,0.962,0.135,1770419902668,70878.01
0.865,0.084,0.962,0.135,1770419902672,70878.01
0.865,0.084,0.916,0.135,1770419902673,70878.01
0.865,0.085,0.916,0.135,1770419902797,70878.01
0.865,0.085,0.915,0.135,1770419902916,70878.01
0.865,0.084,0.915,0.135,1770419903446,70864.82
0.865,0.086,0.916,0.135,1770419903476,70864.82
0.865,0.086,0.914,0.135,1770419903521,70864.82
0.865,0.087,0.914,0.135,1770419904408,70862.53
0.865,0.087,0.913,0.135,1770419904521,70862.53
0.865,0.088,0.913,0.135,1770419904611,70862.53
0.865,0.088,0.912,0.135,1770419904705,70862.53
0.865,0.087,0.912,0.135,1770419906047,70856.4
0.865,0.089,0.913,0.135,1770419906060,70856.4
0.865,0.089,0.911,0.135,1770419906120,70856.4
0.865,0.09,0.911,0.135,1770419910324,70850.91
0.865,0.09,0.91,0.135,1770419910738,70850.91
0.865,0.091,0.91,0.135,1770419911146,70850.91
0.865,0.091,0.909,0.135,1770419911199,70850.91
0.865,0.038,0.909,0.135,1770419911388,70846.4
0.865,0.092,0.91,0.135,1770419911389,70846.4
0.865,0.092,0.908,0.135,1770419911402,70846.4
0.865,0.093,0.908,0.135,1770419918965,70843.99
0.865,0.093,0.907,0.135,1770419918978,70843.99
0.865,0.094,0.907,0.135,1770419918991,70843.99
0.865,0.094,0.906,0.135,1770419919016,70843.99
0.865,0.095,0.906,0.135,1770419919035,70843.99
0.865,0.095,0.905,0.135,1770419919036,70843.99
0.865,0.096,0.905,0.135,1770419919113,70843.99
0.865,0.096,0.904,0.135,1770419919117,70843.99
0.865,0.095,0.904,0.135,1770419919137,70843.99
0.865,0.097,0.905,0.135,1770419919139,70843.99
0.865,0.095,0.903,0.135,1770419919183,70843.99
0.865,0.095,0.905,0.135,1770419919184,70843.99
0.865,0.098,0.905,0.135,1770419919191,70843.99
0.865,0.098,0.902,0.135,1770419919192,70843.99
0.865,0.038,0.902,0.135,1770419919260,70802.55
0.865,0.099,0.962,0.135,1770419919266,70802.55
0.865,0.038,0.901,0.135,1770419919332,70802.55
0.865,0.1,0.962,0.135,1770419919334,70802.55
0.865,0.1,0.9,0.135,1770419919335,70802.55
0.865,0.039,0.9,0.135,1770419919366,70802.55
0.865,0.084,0.961,0.135,1770419919391,70802.55
0.865,0.084,0.916,0.135,1770419919407,70802.55
0.865,0.085,0.916,0.135,1770419919444,70802.55
0.865,0.084,0.915,0.135,1770419919485,70802.55
0.865,0.086,0.916,0.135,1770419919488,70802.55
0.865,0.086,0.914,0.135,1770419919510,70802.55
0.865,0.038,0.914,0.135,1770419919515,70802.55
0.865,0.087,0.962,0.135,1770419919524,70802.55
0.865,0.087,0.913,0.135,1770419919525,70802.55
0.865,0.038,0.913,0.135,1770419919562,70802.55
0.865,0.088,0.962,0.135,1770419919563,70802.55
0.865,0.089,0.912,0.135,1770419919589,70802.55
0.865,0.09,0.911,0.135,1770419919632,70802.55
0.865,0.09,0.91,0.135,1770419919633,70802.55
0.865,0.038,0.91,0.135,1770419919663,70802.55
0.865,0.038,0.962,0.135,1770419919664,70802.55
0.865,0.091,0.962,0.135,1770419919670,70802.55
0.865,0.038,0.909,0.135,1770419919708,70802.55
0.865,0.092,0.962,0.135,1770419919709,70802.55
0.865,0.093,0.908,0.135,1770419919744,70802.55
0.865,0.093,0.907,0.135,1770419919760,70802.55
0.865,0.094,0.907,0.135,1770419919781,70802.55
0.865,0.092,0.906,0.135,1770419919817,70802.55
0.865,0.095,0.908,0.135,1770419919821,70802.55
0.865,0.095,0.905,0.135,1770419919848,70802.55
0.865,0.038,0.905,0.135,1770419919856,70802.55
0.865,0.096,0.962,0.135,1770419919862,70802.55
0.865,0.038,0.904,0.135,1770419919890,70802.55
0.865,0.097,0.962,0.135,1770419919891,70802.55
0.865,0.097,0.903,0.135,1770419919915,70802.55
0.865,0.098,0.903,0.135,1770419919934,70802.55
0.865,0.098,0.902,0.135,1770419919959,70802.55
0.865,0.099,0.902,0.135,1770419919962,70802.55
0.865,0.099,0.901,0.135,1770419919965,70802.55
0.865,0.1,0.901,0.135,1770419920019,70802.55
0.865,0.101,0.9,0.135,1770419920046,70802.55
0.865,0.101,0.899,0.135,1770419920047,70802.55
0.865,0.1,0.899,0.135,1770419920080,70802.55
0.865,0.099,0.9,0.135,1770419920084,70802.55
0.865,0.102,0.901,0.135,1770419920085,70802.55
0.865,0.102,0.898,0.135,1770419920142,70802.55
0.865,0.103,0.898,0.135,1770419920160,70802.55
0.865,0.103,0.897,0.135,1770419920166,70802.55
0.865,0.055,0.897,0.135,1770419920180,70802.55
0.865,0.104,0.945,0.135,1770419920181,70802.55
0.865,0.104,0.896,0.135,1770419920229,70802.55
0.865,0.055,0.896,0.135,1770419920232,70802.55
0.865,0.104,0.945,0.135,1770419920233,70802.55
0.865,0.105,0.896,0.135,1770419920237,70783.43
0.865,0.106,0.895,0.135,1770419920284,70783.43
0.865,0.106,0.894,0.135,1770419920285,70783.43
0.865,0.107,0.894,0.135,1770419920308,70783.43
0.865,0.107,0.893,0.135,1770419920310,70783.43
0.865,0.055,0.893,0.135,1770419920393,70783.43
0.865,0.108,0.892,0.135,1770419920397,70783.43
0.865,0.055,0.892,0.135,1770419920414,70783.43
0.865,0.055,0.945,0.135,1770419920415,70783.43
0.865,0.056,0.945,0.135,1770419920417,70783.43
0.865,0.108,0.944,0.135,1770419920446,70783.43
0.865,0.108,0.892,0.135,1770419920465,70783.43
0.865,0.109,0.892,0.135,1770419920501,70783.43
0.865,0.109,0.891,0.135,1770419920576,70783.43
0.865,0.055,0.891,0.135,1770419920638,70783.43
0.865,0.055,0.945,0.135,1770419920639,70783.43
0.865,0.11,0.945,0.135,1770419920642,70783.43
0.865,0.11,0.89,0.135,1770419920658,70783.43
0.865,0.111,0.89,0.135,1770419920719,70783.43
0.865,0.055,0.889,0.135,1770419920738,70783.43
0.865,0.111,0.945,0.135,1770419920750,70783.43
0.865,0.111,0.888,0.135,1770419920786,70783.43
0.865,0.113,0.889,0.135,1770419920787,70783.43
0.865,0.113,0.887,0.135,1770419920795,70783.43
0.865,0.114,0.887,0.135,1770419920814,70783.43
0.865,0.114,0.886,0.135,1770419920828,70783.43
0.865,0.055,0.886,0.135,1770419920863,70783.43
0.865,0.115,0.945,0.135,1770419920864,70783.43
0.865,0.115,0.885,0.135,1770419920878,70783.43
0.865,0.055,0.885,0.135,1770419920888,70783.43
0.865,0.056,0.945,0.135,1770419920890,70783.43
0.865,0.116,0.944,0.135,1770419920914,70783.43
0.865,0.116,0.884,0.135,1770419920946,70783.43
0.865,0.117,0.884,0.135,1770419920962,70783.43
0.865,0.117,0.883,0.135,1770419920965,70783.43
0.865,0.116,0.883,0.135,1770419921029,70783.43
0.865,0.118,0.882,0.135,1770419921064,70783.43
0.865,0.065,0.882,0.135,1770419921071,70783.43
0.865,0.119,0.935,0.135,1770419921077,70783.43
0.865,0.119,0.881,0.135,1770419921129,70783.43
0.865,0.12,0.881,0.135,1770419921156,70783.43
0.865,0.119,0.88,0.135,1770419921183,70783.43
0.865,0.121,0.881,0.135,1770419921184,70783.43
0.865,0.122,0.879,0.135,1770419921188,70783.43
0.865,0.122,0.878,0.135,1770419921189,70783.43
0.865,0.119,0.878,0.135,1770419921190,70783.43
0.865,0.123,0.881,0.135,1770419921203,70783.43
0.865,0.123,0.877,0.135,1770419921210,70783.43
0.865,0.065,0.877,0.135,1770419921252,70734.5
0.865,0.124,0.876,0.135,1770419921274,70734.5
0.865,0.125,0.876,0.135,1770419921275,70734.5
0.865,0.125,0.875,0.135,1770419921314,70734.5
0.865,0.124,0.875,0.135,1770419921324,70734.5
0.865,0.065,0.876,0.135,1770419921326,70734.5
0.865,0.126,0.935,0.135,1770419921337,70734.5
0.865,0.126,0.874,0.135,1770419921338,70734.5
0.865,0.065,0.874,0.135,1770419921397,70734.5
0.865,0.123,0.935,0.135,1770419921398,70734.5
0.865,0.065,0.877,0.135,1770419921420,70734.5
0.865,0.065,0.935,0.135,1770419921422,70734.5
0.865,0.127,0.935,0.135,1770419921441,70734.5
0.865,0.127,0.873,0.135,1770419921451,70734.5
0.827,0.127,0.873,0.135,1770419922266,70735.09
0.815,0.127,0.873,0.185,1770419922267,70735.09
0.816,0.127,0.873,0.185,1770419922320,70735.09
0.816,0.128,0.873,0.184,1770419922322,70735.09
0.816,0.128,0.872,0.184,1770419922343,70735.09
0.816,0.129,0.872,0.184,1770419922347,70735.09
0.816,0.129,0.871,0.184,1770419922348,70735.09
0.816,0.128,0.871,0.184,1770419922416,70735.09
0.816,0.079,0.872,0.184,1770419922425,70735.09
0.816,0.13,0.87,0.184,1770419922430,70735.09
0.816,0.079,0.87,0.184,1770419922489,70735.09
0.816,0.131,0.921,0.184,1770419922513,70735.09
0.816,0.131,0.869,0.184,1770419922514,70735.09
0.816,0.079,0.869,0.184,1770419922567,70735.09
0.816,0.13,0.921,0.184,1770419922569,70735.09
0.816,0.079,0.87,0.184,1770419922590,70735.09
0.816,0.129,0.921,0.184,1770419922600,70735.09
0.816,0.132,0.871,0.184,1770419922604,70735.09
0.816,0.132,0.868,0.184,1770419922829,70735.09
0.816,0.131,0.868,0.184,1770419926678,70713.66
0.816,0.079,0.869,0.184,1770419926720,70713.66
0.816,0.132,0.921,0.184,1770419926722,70713.66
0.816,0.079,0.868,0.184,1770419926753,70713.66
0.816,0.133,0.921,0.184,1770419926755,70713.66
0.816,0.133,0.867,0.184,1770419926757,70713.66
0.816,0.132,0.867,0.184,1770419927309,70701.54
0.816,0.132,0.868,0.184,1770419927354,70701.54
0.816,0.079,0.868,0.184,1770419927478,70701.54
0.816,0.131,0.921,0.184,1770419927484,70701.54
0.816,0.131,0.869,0.184,1770419927492,70701.54
0.816,0.133,0.869,0.184,1770419927494,70701.54
0.816,0.133,0.867,0.184,1770419927495,70701.54
0.816,0.079,0.867,0.184,1770419928420,70705.35
0.816,0.131,0.921,0.184,1770419928425,70705.35
0.816,0.079,0.869,0.184,1770419928461,70705.35
0.816,0.13,0.921,0.184,1770419928465,70705.35
0.816,0.132,0.87,0.184,1770419928475,70705.35
0.816,0.132,0.868,0.184,1770419928486,70705.35
0.804,0.132,0.868,0.184,1770419928580,70705.35
0.804,0.132,0.868,0.196,1770419928702,70705.35
0.804,0.133,0.868,0.196,1770419930709,70715.14
0.804,0.133,0.867,0.196,1770419930901,70715.14
0.804,0.134,0.867,0.196,1770419931647,70705.24
0.804,0.133,0.866,0.196,1770419931675,70705.24
0.804,0.135,0.867,0.196,1770419931697,70705.24
0.804,0.135,0.865,0.196,1770419931701,70705.24
0.78,0.135,0.865,0.196,1770419931749,70705.24
0.78,0.135,0.865,0.22,1770419931796,70705.24
0.797,0.135,0.865,0.22,1770419931805,70705.24
0.797,0.079,0.865,0.203,1770419931837,70705.24
0.797,0.136,0.921,0.203,1770419931842,70705.24
0.797,0.136,0.864,0.203,1770419931843,70705.24
0.797,0.137,0.864,0.203,1770419931918,70705.24
0.797,0.137,0.863,0.203,1770419932049,70705.24
0.797,0.079,0.863,0.203,1770419932090,70705.24
0.797,0.079,0.921,0.203,1770419932091,70705.24
0.797,0.138,0.864,0.203,1770419932113,70705.24
0.797,0.138,0.862,0.203,1770419932114,70705.24
0.797,0.139,0.862,0.203,1770419932846,70692.0
0.797,0.139,0.861,0.203,1770419932847,70692.0
0.797,0.14,0.861,0.203,1770419932876,70692.0
0.797,0.14,0.86,0.203,1770419932885,70692.0
0.797,0.139,0.86,0.203,1770419933140,70692.0
0.797,0.141,0.861,0.203,1770419933158,70692.0
0.797,0.141,0.859,0.203,1770419933238,70684.0
0.797,0.142,0.859,0.203,1770419939333,70679.73
0.797,0.142,0.858,0.203,1770419939339,70679.73
0.78,0.142,0.858,0.203,1770419939347,70679.73
0.78,0.141,0.858,0.22,1770419939361,70679.73
0.78,0.143,0.857,0.22,1770419939382,70679.73
0.787,0.143,0.857,0.22,1770419939386,70679.73
0.787,0.143,0.857,0.213,1770419939398,70679.73
0.787,0.039,0.857,0.213,1770419939416,70679.73
0.787,0.144,0.856,0.213,1770419939418,70679.73
0.787,0.091,0.856,0.213,1770419939446,70679.73
0.787,0.144,0.909,0.213,1770419939447,70679.73
0.787,0.145,0.856,0.213,1770419939493,70679.73
0.787,0.144,0.855,0.213,1770419939577,70679.73
0.787,0.146,0.856,0.213,1770419939579,70679.73
0.787,0.144,0.854,0.213,1770419939667,70679.73
0.787,0.091,0.856,0.213,1770419939677,70679.73
0.787,0.145,0.909,0.213,1770419939684,70679.73
0.787,0.145,0.855,0.213,1770419939702,70679.73
0.787,0.092,0.855,0.213,1770419939740,70679.73
0.787,0.091,0.908,0.213,1770419939741,70679.73
0.787,0.146,0.909,0.213,1770419939742,70679.73
0.787,0.091,0.854,0.213,1770419939826,70679.73
0.787,0.145,0.855,0.213,1770419939838,70679.73
0.787,0.142,0.855,0.213,1770419939876,70679.73
0.787,0.142,0.858,0.213,1770419939877,70679.73
0.787,0.144,0.856,0.213,1770419939883,70679.73
0.787,0.091,0.856,0.213,1770419939991,70679.73
0.787,0.145,0.857,0.213,1770419940009,70679.73
0.787,0.145,0.855,0.213,1770419940031,70679.73
0.787,0.146,0.855,0.213,1770419940037,70679.73
0.787,0.147,0.854,0.213,1770419940078,70679.73
0.787,0.147,0.853,0.213,1770419940084,70679.73
0.787,0.145,0.853,0.213,1770419940110,70679.73
0.787,0.091,0.855,0.213,1770419940152,70679.73
0.787,0.092,0.909,0.213,1770419940186,70679.73
0.787,0.091,0.908,0.213,1770419940239,70682.74
0.787,0.148,0.852,0.213,1770419940297,70682.74
0.787,0.123,0.852,0.213,1770419952578,70736.86
0.787,0.141,0.877,0.213,1770419952631,70736.86
0.787,0.141,0.859,0.213,1770419952632,70736.86
0.78,0.141,0.859,0.213,1770419953645,70746.68
0.78,0.141,0.859,0.22,1770419953665,70746.68
0.789,0.141,0.859,0.22,1770419953685,70746.68
0.789,0.141,0.859,0.211,1770419953706,70746.68
0.78,0.141,0.859,0.211,1770419953718,70746.68
0.78,0.141,0.859,0.22,1770419953742,70746.68
0.79,0.141,0.859,0.22,1770419953782,70746.68
0.79,0.141,0.859,0.21,1770419953819,70746.68
0.78,0.141,0.859,0.21,1770419953924,70746.68
0.78,0.141,0.859,0.22,1770419953928,70746.68
0.791,0.141,0.859,0.22,1770419953960,70746.68
0.791,0.141,0.859,0.209,1770419953989,70746.68
0.78,0.141,0.859,0.209,1770419954082,70746.68
0.78,0.141,0.859,0.22,1770419954156,70746.68
0.792,0.141,0.859,0.22,1770419954166,70746.68
0.792,0.141,0.859,0.208,1770419954223,70772.3
0.792,0.142,0.859,0.208,1770419969555,70700.35
0.792,0.142,0.858,0.208,1770419969556,70700.35
0.792,0.141,0.858,0.208,1770419969605,70700.35
0.792,0.069,0.859,0.208,1770419969625,70700.35
0.792,0.141,0.931,0.208,1770419969628,70700.35
0.792,0.141,0.859,0.208,1770419969653,70700.35
0.792,0.07,0.859,0.208,1770419969656,70700.35
0.792,0.071,0.93,0.208,1770419969680,70700.35
0.792,0.069,0.929,0.208,1770419969730,70700.35
0.792,0.072,0.931,0.208,1770419969745,70700.35
0.792,0.072,0.928,0.208,1770419969759,70700.35
0.792,0.07,0.928,0.208,1770419969805,70700.35
0.792,0.073,0.93,0.208,1770419969806,70700.35
0.792,0.073,0.927,0.208,1770419969809,70700.35
0.792,0.128,0.927,0.208,1770419969878,70700.35
0.792,0.128,0.872,0.208,1770419969879,70700.35
0.792,0.129,0.872,0.208,1770419969937,70700.35
0.792,0.13,0.871,0.208,1770419970011,70700.35
0.792,0.13,0.87,0.208,1770419970014,70700.35
0.792,0.069,0.87,0.208,1770419970037,70700.35
0.792,0.131,0.931,0.208,1770419970038,70700.35
0.792,0.069,0.869,0.208,1770419970087,70700.35
0.792,0.069,0.931,0.208,1770419970088,70700.35
0.792,0.132,0.931,0.208,1770419970095,70700.35
0.792,0.132,0.868,0.208,1770419970096,70700.35
0.792,0.133,0.868,0.208,1770419970423,70697.63
0.792,0.133,0.867,0.208,1770419970424,70697.63
0.792,0.134,0.867,0.208,1770419971915,70697.64
0.792,0.134,0.866,0.208,1770419972092,70697.64
0.792,0.135,0.866,0.208,1770419972114,70697.64
0.792,0.135,0.865,0.208,1770419972115,70697.64
0.792,0.136,0.865,0.208,1770419972179,70697.64
0.792,0.136,0.864,0.208,1770419972194,70697.64
0.792,0.069,0.864,0.208,1770419972198,70697.64
0.792,0.137,0.931,0.208,1770419972203,70697.64
0.792,0.137,0.863,0.208,1770419972245,70694.74
0.792,0.136,0.863,0.208,1770419972251,70694.74
0.792,0.138,0.864,0.208,1770419972256,70694.74
0.792,0.138,0.862,0.208,1770419972278,70694.74
0.792,0.069,0.862,0.208,1770419972594,70694.74
0.792,0.069,0.931,0.208,1770419972595,70694.74
0.792,0.139,0.861,0.208,1770419972601,70694.74
0.792,0.14,0.861,0.208,1770419972614,70694.74
0.792,0.14,0.86,0.208,1770419972615,70694.74
0.792,0.139,0.86,0.208,1770419972661,70694.74
0.792,0.141,0.861,0.208,1770419972664,70694.74
0.792,0.142,0.859,0.208,1770419972690,70694.74
0.792,0.142,0.858,0.208,1770419972861,70694.74
0.792,0.141,0.858,0.208,1770419972896,70694.74
0.792,0.141,0.859,0.208,1770419972897,70694.74
0.792,0.143,0.859,0.208,1770419972898,70694.74
0.792,0.143,0.857,0.208,1770419972902,70694.74
0.792,0.081,0.857,0.208,1770419973113,70694.74
0.792,0.144,0.919,0.208,1770419973114,70694.74
0.792,0.144,0.856,0.208,1770419973134,70694.74
0.792,0.145,0.856,0.208,1770419973140,70694.74
0.792,0.145,0.855,0.208,1770419973141,70694.74
0.792,0.144,0.855,0.208,1770419974088,70672.3
0.792,0.144,0.856,0.208,1770419974093,70672.3
0.792,0.081,0.856,0.208,1770419974106,70672.3
0.792,0.143,0.919,0.208,1770419974119,70672.3
0.792,0.146,0.857,0.208,1770419974127,70672.3
0.792,0.146,0.854,0.208,1770419974282,70660.23
0.792,0.147,0.854,0.208,1770419974481,70660.23
0.792,0.147,0.853,0.208,1770419974487,70660.23
0.792,0.148,0.853,0.208,1770419974562,70660.23
0.792,0.148,0.852,0.208,1770419974766,70660.23
0.792,0.149,0.852,0.208,1770419975010,70660.23
0.792,0.148,0.851,0.208,1770419975036,70660.23
0.792,0.15,0.919,0.208,1770419975042,70660.23
0.78,0.15,0.85,0.208,1770419975053,70660.23
0.78,0.081,0.85,0.22,1770419975094,70660.23
0.783,0.151,0.849,0.22,1770419975111,70660.23
0.783,0.081,0.849,0.217,1770419975183,70660.23
0.783,0.15,0.919,0.217,1770419975184,70660.23
0.78,0.15,0.85,0.217,1770419975188,70660.23
0.78,0.15,0.85,0.22,1770419975198,70660.23
0.78,0.081,0.85,0.22,1770419976736,70657.26
0.78,0.151,0.919,0.22,1770419976744,70657.26
0.78,0.151,0.849,0.22,1770419976745,70657.26
0.78,0.081,0.849,0.22,1770419976767,70657.26
0.78,0.151,0.919,0.22,1770419976768,70657.26
0.78,0.151,0.849,0.22,1770419976804,70657.26
0.78,0.152,0.849,0.22,1770419976818,70657.26
0.78,0.153,0.848,0.22,1770419976844,70657.26
0.78,0.153,0.847,0.22,1770419976853,70657.26
0.78,0.152,0.847,0.22,1770419976884,70657.26
0.78,0.151,0.848,0.22,1770419976886,70657.26
0.78,0.154,0.849,0.22,1770419976889,70657.26
0.78,0.154,0.846,0.22,1770419976960,70657.26
0.78,0.155,0.905,0.22,1770419976964,70657.26
0.78,0.155,0.845,0.22,1770419976985,70657.26
0.78,0.156,0.845,0.22,1770419977038,70657.26
0.78,0.156,0.844,0.22,1770419977042,70657.26
0.78,0.157,0.844,0.22,1770419977121,70657.26
0.78,0.157,0.843,0.22,1770419977127,70657.26
0.78,0.156,0.843,0.22,1770419977138,70657.26
0.78,0.158,0.844,0.22,1770419977142,70657.26
0.78,0.159,0.842,0.22,1770419977192,70657.26
0.78,0.159,0.841,0.22,1770419977193,70657.26
0.78,0.156,0.841,0.22,1770419977217,70657.26
0.78,0.16,0.84,0.22,1770419977227,70607.82
0.78,0.095,0.84,0.22,1770419977271,70607.82
0.78,0.161,0.905,0.22,1770419977279,70607.82
0.78,0.161,0.839,0.22,1770419977280,70607.82
0.78,0.095,0.839,0.22,1770419977388,70607.82
0.78,0.095,0.905,0.22,1770419977389,70607.82
0.78,0.16,0.84,0.22,1770419977401,70607.82
0.78,0.095,0.84,0.22,1770419977450,70607.82
0.78,0.161,0.905,0.22,1770419977451,70607.82
0.78,0.161,0.839,0.22,1770419977458,70607.82
0.78,0.095,0.839,0.22,1770419977503,70607.82
0.78,0.159,0.905,0.22,1770419977511,70607.82
0.78,0.159,0.841,0.22,1770419977535,70607.82
0.78,0.162,0.841,0.22,1770419977543,70607.82
0.78,0.162,0.838,0.22,1770419977577,70607.82
0.78,0.083,0.838,0.22,1770419980790,70689.79
0.78,0.127,0.917,0.22,1770419980797,70689.79
0.78,0.127,0.873,0.22,1770419980798,70689.79
0.78,0.152,0.873,0.22,1770419980830,70689.79
0.78,0.152,0.848,0.22,1770419980861,70689.79
0.765,0.152,0.848,0.22,1770419981330,70714.97
0.765,0.152,0.848,0.235,1770419981331,70714.97
0.765,0.119,0.848,0.235,1770419981387,70714.97
0.765,0.117,0.927,0.235,1770419981392,70714.97
0.765,0.117,0.883,0.235,1770419981393,70714.97
0.782,0.117,0.883,0.235,1770419981404,70714.97
0.782,0.117,0.883,0.218,1770419981422,70714.97
0.765,0.117,0.883,0.218,1770419981432,70714.97
0.765,0.073,0.884,0.235,1770419981480,70714.97
0.765,0.115,0.927,0.235,1770419981483,70714.97
0.784,0.115,0.885,0.235,1770419981502,70714.97
0.784,0.073,0.885,0.216,1770419981505,70714.97
0.784,0.114,0.927,0.216,1770419981514,70714.97
0.784,0.073,0.886,0.216,1770419981534,70714.97
0.765,0.073,0.927,0.216,1770419981539,70714.97
0.765,0.118,0.927,0.235,1770419981546,70714.97
0.765,0.118,0.882,0.235,1770419981553,70714.97
0.786,0.118,0.882,0.235,1770419981604,70714.97
0.786,0.118,0.882,0.214,1770419981643,70714.97
0.765,0.118,0.882,0.214,1770419981651,70714.97
0.787,0.118,0.882,0.235,1770419981691,70714.97
0.787,0.118,0.882,0.213,1770419981692,70714.97
0.787,0.119,0.882,0.213,1770419981843,70714.97
0.787,0.119,0.881,0.213,1770419981844,70714.97
0.787,0.118,0.881,0.213,1770419981936,70714.97
0.787,0.118,0.882,0.213,1770419981937,70714.97
0.787,0.119,0.882,0.213,1770419982084,70714.97
0.787,0.119,0.881,0.213,1770419982128,70714.97
0.765,0.119,0.881,0.213,1770419983125,70740.65
0.765,0.119,0.881,0.235,1770419983127,70740.65
0.788,0.119,0.881,0.235,1770419983162,70740.65
0.788,0.119,0.881,0.212,1770419983165,70740.65
0.765,0.119,0.881,0.212,1770419983202,70740.65
0.765,0.119,0.881,0.235,1770419983208,70740.65
0.791,0.119,0.881,0.235,1770419983311,70754.96
0.791,0.119,0.881,0.209,1770419983361,70754.96
0.765,0.119,0.881,0.209,1770419983442,70754.96
0.765,0.119,0.881,0.235,1770419983443,70754.96
0.792,0.119,0.881,0.235,1770419983496,70754.96
0.792,0.119,0.881,0.208,1770419983622,70754.96
0.765,0.119,0.881,0.208,1770419983648,70754.96
0.765,0.119,0.881,0.235,1770419983649,70754.96
0.794,0.119,0.881,0.235,1770419983695,70754.96
0.794,0.119,0.881,0.206,1770419983698,70754.96
0.765,0.119,0.881,0.206,1770419983731,70754.96
0.765,0.119,0.881,0.235,1770419983732,70754.96
0.798,0.119,0.881,0.235,1770419983820,70754.96
0.798,0.119,0.881,0.202,1770419983902,70754.96
0.765,0.119,0.881,0.202,1770419987759,70784.46
0.765,0.119,0.881,0.235,1770419987788,70784.46
0.799,0.119,0.881,0.235,1770419987799,70784.46
0.799,0.119,0.881,0.201,1770419987835,70784.46
0.765,0.119,0.881,0.201,1770419989989,70784.0
0.8,0.119,0.881,0.235,1770419990033,70784.0
0.8,0.119,0.881,0.2,1770419990086,70784.0
0.765,0.119,0.881,0.2,1770419990174,70784.0
0.765,0.119,0.881,0.235,1770419990190,70784.0
0.803,0.119,0.881,0.235,1770419990234,70784.0
0.803,0.119,0.881,0.197,1770419990235,70784.0
0.765,0.119,0.881,0.197,1770419990265,70813.64
0.804,0.119,0.881,0.235,1770419990303,70813.64
0.804,0.119,0.881,0.196,1770419990378,70813.64
0.804,0.12,0.881,0.196,1770419999647,70742.94
0.804,0.12,0.88,0.196,1770419999648,70742.94
0.804,0.121,0.88,0.196,1770419999724,70742.94
0.804,0.121,0.879,0.196,1770419999725,70742.94
0.804,0.122,0.879,0.196,1770420000009,70742.94
0.804,0.122,0.878,0.196,1770420000010,70742.94
0.804,0.123,0.878,0.196,1770420000031,70742.94
0.804,0.123,0.877,0.196,1770420000032,70742.94
0.804,0.124,0.877,0.196,1770420000086,70742.94
0.804,0.124,0.876,0.196,1770420000087,70742.94
0.804,0.125,0.876,0.196,1770420000166,70742.94
0.804,0.126,0.875,0.196,1770420000238,70742.94
0.804,0.122,0.874,0.196,1770420000262,70726.18
0.804,0.127,0.878,0.196,1770420000265,70726.18
0.804,0.127,0.873,0.196,1770420000266,70726.18
0.804,0.128,0.873,0.196,1770420000316,70726.18
0.804,0.128,0.872,0.196,1770420000317,70726.18
0.804,0.129,0.872,0.196,1770420000343,70726.18
0.804,0.129,0.871,0.196,1770420000399,70726.18
0.804,0.07,0.871,0.196,1770420000400,70726.18
0.804,0.07,0.93,0.196,1770420000401,70726.18
0.804,0.13,0.93,0.196,1770420000407,70726.18
0.804,0.13,0.87,0.196,1770420000450,70726.18
0.804,0.12,0.87,0.196,1770420000475,70726.18
0.804,0.131,0.88,0.196,1770420000476,70726.18
0.804,0.131,0.869,0.196,1770420000514,70726.18
0.804,0.121,0.869,0.196,1770420000515,70726.18
0.804,0.122,0.879,0.196,1770420000549,70726.18
0.804,0.122,0.878,0.196,1770420000550,70726.18
0.804,0.07,0.878,0.196,1770420000579,70726.18
0.804,0.123,0.93,0.196,1770420000580,70726.18
0.804,0.132,0.877,0.196,1770420000598,70726.18
0.804,0.132,0.868,0.196,1770420000599,70726.18
0.804,0.133,0.868,0.196,1770420000628,70726.18
0.804,0.134,0.867,0.196,1770420000657,70726.18
0.804,0.132,0.866,0.196,1770420000704,70726.18
0.804,0.136,0.865,0.196,1770420000733,70726.18
0.804,0.136,0.864,0.196,1770420000734,70726.18
0.804,0.07,0.864,0.196,1770420000776,70726.18
0.804,0.137,0.93,0.196,1770420000777,70726.18
0.804,0.07,0.863,0.196,1770420000811,70726.18
0.804,0.138,0.93,0.196,1770420000812,70726.18
0.804,0.07,0.862,0.196,1770420000847,70726.18
0.804,0.139,0.93,0.196,1770420000850,70726.18
0.804,0.139,0.861,0.196,1770420000879,70726.18
0.804,0.14,0.861,0.196,1770420000887,70726.18
0.804,0.14,0.86,0.196,1770420000888,70726.18
0.804,0.141,0.86,0.196,1770420000923,70726.18
0.804,0.141,0.859,0.196,1770420000924,70726.18
0.804,0.07,0.859,0.196,1770420000964,70726.18
0.804,0.142,0.93,0.196,1770420000972,70726.18
0.804,0.142,0.858,0.196,1770420000984,70726.18
0.804,0.143,0.858,0.196,1770420001001,70726.18
0.804,0.143,0.857,0.196,1770420001002,70726.18
0.804,0.07,0.857,0.196,1770420001042,70726.18
0.804,0.144,0.93,0.196,1770420001049,70726.18
0.804,0.07,0.856,0.196,1770420001115,70726.18
0.804,0.145,0.93,0.196,1770420001116,70726.18
0.804,0.145,0.855,0.196,1770420001117,70726.18
0.804,0.07,0.855,0.196,1770420001138,70726.18
0.804,0.071,0.93,0.196,1770420001139,70726.18
0.804,0.144,0.929,0.196,1770420001144,70726.18
0.804,0.144,0.856,0.196,1770420001185,70726.18
0.804,0.145,0.856,0.196,1770420001590,70711.29
0.804,0.145,0.855,0.196,1770420001591,70711.29
0.804,0.144,0.855,0.196,1770420001696,70711.29
0.804,0.146,0.856,0.196,1770420001761,70711.29
0.804,0.146,0.854,0.196,1770420001762,70711.29
0.804,0.125,0.854,0.196,1770420016937,70758.92
0.804,0.125,0.875,0.196,1770420016938,70758.92
0.804,0.124,0.875,0.196,1770420016949,70758.92
0.804,0.124,0.876,0.196,1770420016964,70758.92
0.804,0.137,0.876,0.196,1770420016980,70758.92
0.804,0.137,0.863,0.196,1770420016982,70758.92
0.804,0.114,0.863,0.196,1770420018633,70783.9
0.804,0.129,0.886,0.196,1770420018696,70783.9
0.804,0.129,0.871,0.196,1770420018975,70783.9
0.804,0.129,0.871,0.195,1770420023211,70815.88
0.805,0.129,0.871,0.195,1770420023280,70815.89
0.806,0.129,0.871,0.195,1770420023653,70815.89
0.806,0.129,0.871,0.194,1770420024117,70815.89
0.806,0.112,0.871,0.194,1770420030824,70822.6
0.805,0.112,0.888,0.194,1770420030825,70822.6
0.805,0.112,0.888,0.195,1770420030836,70822.6
0.805,0.106,0.888,0.195,1770420030837,70822.6
0.805,0.049,0.894,0.195,1770420030858,70822.6
0.808,0.049,0.951,0.195,1770420030873,70822.6
0.808,0.105,0.951,0.192,1770420030883,70822.6
0.808,0.107,0.895,0.192,1770420030912,70822.6
0.808,0.107,0.893,0.192,1770420030959,70822.6
0.808,0.106,0.893,0.192,1770420031149,70822.6
0.808,0.049,0.894,0.192,1770420031171,70822.6
0.808,0.049,0.895,0.192,1770420031196,70822.6
0.808,0.049,0.951,0.192,1770420031197,70822.6
0.808,0.108,0.892,0.192,1770420031240,70847.87
0.805,0.108,0.892,0.192,1770420031343,70847.87
0.809,0.108,0.892,0.195,1770420031382,70847.87
0.809,0.108,0.892,0.191,1770420031383,70847.87
0.805,0.108,0.892,0.191,1770420031408,70847.87
0.805,0.108,0.892,0.195,1770420031429,70847.87
0.81,0.108,0.892,0.195,1770420031457,70847.87
0.81,0.108,0.892,0.19,1770420031485,70847.87
0.805,0.108,0.892,0.19,1770420031495,70847.87
0.811,0.108,0.892,0.195,1770420031540,70847.87
0.811,0.108,0.892,0.189,1770420032159,70847.87
0.805,0.108,0.892,0.189,1770420032174,70847.87
0.805,0.108,0.892,0.195,1770420032226,70847.87
0.811,0.108,0.892,0.195,1770420032229,70847.87
0.811,0.108,0.892,0.189,1770420032248,70865.76
0.805,0.108,0.892,0.189,1770420038099,70850.0
0.805,0.108,0.892,0.195,1770420038107,70850.0
0.815,0.108,0.892,0.195,1770420038138,70850.0
0.815,0.108,0.892,0.185,1770420038147,70850.0
0.805,0.108,0.892,0.185,1770420038184,70850.0
0.805,0.108,0.892,0.195,1770420038187,70850.0
0.817,0.108,0.892,0.195,1770420038267,70850.0
0.817,0.108,0.892,0.183,1770420038268,70850.0
0.805,0.108,0.892,0.183,1770420038314,70850.0
0.818,0.108,0.892,0.195,1770420038352,70850.0
0.805,0.108,0.892,0.182,1770420038382,70908.55
0.805,0.108,0.892,0.195,1770420038393,70908.55
0.819,0.108,0.892,0.195,1770420038429,70908.55
0.819,0.108,0.892,0.181,1770420038451,70908.55
0.805,0.108,0.892,0.181,1770420039283,70919.99
0.805,0.108,0.892,0.195,1770420039303,70919.99
0.82,0.108,0.892,0.195,1770420039370,70919.99
0.82,0.108,0.892,0.18,1770420039405,70919.99
0.805,0.108,0.892,0.18,1770420039545,70919.99
0.821,0.108,0.892,0.195,1770420039588,70919.99
0.805,0.108,0.892,0.179,1770420039643,70919.99
0.805,0.108,0.892,0.195,1770420039677,70919.99
0.822,0.108,0.892,0.195,1770420039688,70919.99
0.822,0.108,0.892,0.178,1770420039699,70919.99
0.805,0.108,0.892,0.178,1770420039825,70919.99
0.824,0.108,0.892,0.195,1770420039870,70919.99
0.824,0.108,0.892,0.176,1770420040023,70919.99
0.824,0.109,0.892,0.176,1770420057901,70868.17
0.824,0.109,0.891,0.176,1770420057906,70868.17
0.824,0.108,0.891,0.176,1770420058157,70868.17
0.824,0.108,0.892,0.176,1770420058160,70868.17
0.824,0.026,0.892,0.176,1770420058161,70868.17
0.824,0.11,0.974,0.176,1770420058163,70868.17
0.824,0.026,0.89,0.176,1770420058271,70843.19
0.824,0.109,0.974,0.176,1770420058279,70843.19
0.824,0.111,0.891,0.176,1770420058288,70843.19
0.824,0.111,0.889,0.176,1770420058300,70843.19
0.824,0.112,0.889,0.176,1770420060199,70842.0
0.824,0.111,0.888,0.176,1770420060227,70842.0
0.824,0.111,0.889,0.176,1770420060228,70842.0
0.824,0.114,0.887,0.176,1770420060275,70840.01
0.824,0.113,0.886,0.176,1770420060298,70840.01
0.824,0.115,0.887,0.176,1770420060324,70840.01
0.824,0.115,0.885,0.176,1770420060326,70840.01
0.824,0.026,0.885,0.176,1770420060390,70840.01
0.824,0.116,0.974,0.176,1770420060406,70840.01
0.824,0.116,0.884,0.176,1770420060407,70840.01
0.824,0.117,0.884,0.176,1770420060507,70840.01
0.824,0.117,0.883,0.176,1770420060508,70840.01
0.824,0.118,0.883,0.176,1770420060586,70840.01
0.824,0.117,0.882,0.176,1770420060627,70840.01
0.824,0.117,0.883,0.176,1770420060628,70840.01
0.824,0.119,0.883,0.176,1770420060630,70840.01
0.824,0.119,0.881,0.176,1770420061055,70840.01
0.824,0.12,0.881,0.176,1770420061291,70838.86
0.824,0.12,0.88,0.176,1770420061296,70838.86
0.824,0.121,0.88,0.176,1770420062305,70845.18
0.824,0.121,0.879,0.176,1770420062330,70845.18
0.824,0.12,0.879,0.176,1770420062419,70845.18
0.824,0.122,0.878,0.176,1770420062422,70845.18
0.824,0.123,0.878,0.176,1770420062431,70845.18
0.824,0.123,0.877,0.176,1770420062455,70845.18
0.824,0.036,0.877,0.176,1770420062507,70845.18
0.824,0.036,0.964,0.176,1770420062508,70845.18
0.824,0.122,0.964,0.176,1770420062535,70845.18
0.824,0.124,0.878,0.176,1770420062555,70845.18
0.824,0.124,0.876,0.176,1770420062561,70845.18
0.824,0.125,0.876,0.176,1770420063219,70845.18
0.824,0.125,0.875,0.176,1770420063228,70845.18
0.824,0.126,0.875,0.176,1770420063498,70823.99
0.824,0.126,0.874,0.176,1770420064104,70823.99
0.824,0.127,0.874,0.176,1770420064130,70823.99
0.824,0.127,0.873,0.176,1770420064188,70823.99
0.824,0.128,0.873,0.176,1770420064189,70823.99
0.824,0.128,0.872,0.176,1770420064223,70823.99
0.824,0.129,0.872,0.176,1770420064265,70819.05
0.824,0.129,0.871,0.176,1770420064364,70819.05
0.824,0.13,0.871,0.176,1770420064503,70819.05
0.824,0.13,0.87,0.176,1770420064673,70819.05
0.765,0.13,0.87,0.176,1770420085696,70808.86
0.765,0.131,0.87,0.235,1770420085702,70808.86
0.765,0.131,0.869,0.235,1770420085703,70808.86
0.765,0.13,0.869,0.235,1770420085761,70808.86
0.765,0.036,0.87,0.235,1770420085773,70808.86
0.786,0.036,0.964,0.235,1770420085774,70808.86
0.786,0.13,0.964,0.214,1770420085778,70808.86
0.765,0.13,0.87,0.214,1770420085814,70808.86
0.765,0.132,0.87,0.235,1770420085817,70808.86
0.787,0.132,0.868,0.235,1770420085908,70808.86
0.787,0.132,0.868,0.213,1770420085943,70808.86
0.765,0.132,0.868,0.213,1770420085960,70808.86
0.765,0.132,0.868,0.235,1770420085965,70808.86
0.79,0.132,0.868,0.235,1770420086016,70808.86
0.79,0.132,0.868,0.21,1770420086018,70808.86
0.765,0.132,0.868,0.21,1770420086060,70808.86
0.791,0.132,0.868,0.235,1770420086145,70808.86
0.791,0.132,0.868,0.209,1770420086146,70808.86
0.765,0.132,0.868,0.209,1770420086957,70803.57
0.792,0.132,0.868,0.235,1770420087002,70803.57
0.765,0.132,0.868,0.208,1770420087040,70803.57
0.765,0.132,0.868,0.235,1770420087041,70803.57
0.793,0.132,0.868,0.235,1770420087110,70803.57
0.793,0.132,0.868,0.207,1770420087255,70803.57
0.765,0.132,0.868,0.207,1770420088498,70803.56
0.765,0.132,0.868,0.235,1770420088512,70803.56
0.794,0.132,0.868,0.235,1770420088544,70803.56
0.794,0.132,0.868,0.206,1770420088545,70803.56
0.765,0.132,0.868,0.206,1770420088574,70803.56
0.765,0.132,0.868,0.235,1770420088632,70803.56
0.795,0.132,0.868,0.235,1770420088637,70803.56
0.795,0.132,0.868,0.205,1770420088707,70803.56
0.795,0.133,0.868,0.205,1770420095538,70800.01
0.795,0.133,0.867,0.205,1770420095573,70800.01
0.795,0.134,0.867,0.205,1770420095587,70800.01
0.795,0.134,0.866,0.205,1770420095588,70800.01
0.795,0.036,0.866,0.205,1770420095620,70800.01
0.795,0.135,0.865,0.205,1770420095628,70800.01
0.795,0.136,0.865,0.205,1770420095774,70800.01
0.795,0.136,0.864,0.205,1770420095921,70800.01
0.795,0.036,0.864,0.205,1770420096198,70800.01
0.795,0.137,0.964,0.205,1770420096200,70800.01
0.795,0.137,0.863,0.205,1770420096201,70800.01
0.795,0.036,0.863,0.205,1770420096274,70777.95
0.795,0.138,0.964,0.205,1770420096275,70777.95
0.795,0.036,0.862,0.205,1770420096753,70777.95
0.795,0.139,0.964,0.205,1770420096754,70777.95
0.795,0.139,0.861,0.205,1770420096770,70777.95
0.795,0.14,0.861,0.205,1770420097000,70777.95
0.795,0.14,0.86,0.205,1770420097095,70777.95
0.795,0.036,0.86,0.205,1770420097405,70773.59
0.795,0.141,0.859,0.205,1770420097426,70773.59
0.795,0.142,0.859,0.205,1770420098441,70770.19
0.795,0.142,0.858,0.205,1770420098490,70770.19
0.795,0.143,0.858,0.205,1770420098577,70770.19
0.795,0.143,0.857,0.205,1770420098590,70770.19
0.795,0.144,0.857,0.205,1770420098610,70770.19
0.795,0.144,0.856,0.205,1770420098611,70770.19
0.795,0.143,0.856,0.205,1770420098654,70770.19
0.795,0.145,0.857,0.205,1770420098656,70770.19
0.795,0.143,0.855,0.205,1770420098690,70770.19
0.795,0.146,0.854,0.205,1770420098737,70770.19
0.795,0.145,0.854,0.205,1770420098789,70770.19
0.795,0.046,0.855,0.205,1770420098810,70770.19
0.795,0.144,0.954,0.205,1770420098811,70770.19
0.795,0.147,0.856,0.205,1770420098817,70770.19
0.795,0.147,0.853,0.205,1770420098997,70770.19
0.795,0.148,0.853,0.205,1770420102604,70752.57
0.795,0.148,0.852,0.205,1770420102605,70752.57
0.795,0.136,0.852,0.205,1770420104282,70772.01
0.795,0.136,0.864,0.205,1770420104283,70772.01
0.795,0.137,0.864,0.205,1770420104359,70772.01
0.795,0.137,0.863,0.205,1770420104360,70772.01
0.765,0.137,0.863,0.205,1770420109984,70807.94
0.765,0.137,0.863,0.235,1770420110007,70807.94
0.796,0.137,0.863,0.235,1770420110047,70807.94
0.796,0.137,0.863,0.204,1770420110048,70807.94
0.765,0.137,0.863,0.204,1770420110557,70818.6
0.765,0.137,0.863,0.235,1770420110558,70818.6
0.797,0.137,0.863,0.235,1770420110651,70818.6
0.797,0.137,0.863,0.203,1770420110723,70818.6
0.797,0.12,0.863,0.203,1770420110783,70818.6
0.765,0.12,0.88,0.203,1770420110784,70818.6
0.798,0.12,0.88,0.235,1770420110900,70818.6
0.798,0.121,0.88,0.202,1770420110958,70818.6
0.798,0.121,0.879,0.202,1770420110959,70818.6
0.798,0.122,0.879,0.202,1770420111275,70833.08
0.798,0.122,0.878,0.202,1770420111293,70833.08
0.798,0.037,0.878,0.202,1770420111295,70833.08
0.798,0.123,0.877,0.202,1770420111312,70833.08
0.798,0.124,0.877,0.202,1770420111335,70833.08
0.798,0.124,0.876,0.202,1770420111337,70833.08
0.798,0.125,0.876,0.202,1770420111412,70833.08
0.798,0.125,0.875,0.202,1770420112283,70824.6
0.798,0.126,0.875,0.202,1770420112312,70824.6
0.798,0.125,0.874,0.202,1770420112867,70824.6
0.798,0.127,0.875,0.202,1770420112868,70824.6
0.798,0.125,0.873,0.202,1770420112891,70824.6
0.798,0.125,0.875,0.202,1770420112892,70824.6
0.798,0.126,0.875,0.202,1770420112951,70824.6
0.798,0.126,0.874,0.202,1770420112994,70824.6
0.798,0.037,0.874,0.202,1770420113024,70824.6
0.798,0.125,0.963,0.202,1770420113027,70824.6
0.798,0.127,0.875,0.202,1770420113041,70824.6
0.798,0.127,0.873,0.202,1770420113060,70824.6
0.765,0.127,0.873,0.202,1770420114600,70813.64
0.799,0.127,0.873,0.235,1770420114649,70813.64
0.799,0.127,0.873,0.201,1770420114886,70813.64
0.765,0.127,0.873,0.201,1770420115256,70829.35
0.8,0.127,0.873,0.235,1770420115307,70829.35
0.8,0.127,0.873,0.2,1770420115308,70829.35
0.765,0.127,0.873,0.2,1770420115347,70829.35
0.765,0.127,0.873,0.235,1770420115395,70829.35
0.801,0.127,0.873,0.235,1770420115427,70829.35
0.765,0.127,0.873,0.199,1770420115458,70829.35
0.803,0.127,0.873,0.235,1770420115563,70829.35
0.803,0.127,0.873,0.197,1770420115757,70829.35
0.765,0.127,0.873,0.197,1770420125010,70831.91
0.765,0.127,0.873,0.235,1770420125041,70831.91
0.805,0.127,0.873,0.235,1770420125060,70831.91
0.805,0.127,0.873,0.195,1770420125070,70831.91
0.765,0.127,0.873,0.195,1770420125098,70831.91
0.806,0.127,0.873,0.235,1770420125141,70831.91
0.806,0.127,0.873,0.194,1770420125166,70831.91
0.765,0.127,0.873,0.194,1770420125503,70836.9
0.807,0.127,0.873,0.235,1770420125554,70836.9
0.807,0.127,0.873,0.193,1770420125818,70836.9
0.765,0.127,0.873,0.193,1770420128276,70836.89
0.808,0.117,0.883,0.235,1770420128363,70836.89
0.808,0.118,0.883,0.192,1770420128413,70836.89
0.808,0.118,0.882,0.192,1770420128614,70836.89
0.808,0.119,0.882,0.192,1770420128667,70836.89
0.808,0.119,0.881,0.192,1770420128684,70836.89
0.808,0.12,0.881,0.192,1770420128957,70836.89
0.808,0.12,0.88,0.192,1770420128958,70836.89
0.808,0.119,0.88,0.192,1770420130916,70839.2
0.808,0.119,0.881,0.192,1770420130917,70839.2
0.808,0.037,0.881,0.192,1770420130939,70839.2
0.808,0.12,0.886,0.192,1770420130954,70839.2
0.808,0.12,0.88,0.192,1770420130957,70839.2
0.765,0.12,0.88,0.192,1770420131079,70839.2
0.809,0.12,0.88,0.235,1770420131167,70839.2
0.809,0.12,0.88,0.191,1770420131196,70839.2
0.765,0.12,0.88,0.191,1770420131213,70839.2
0.765,0.12,0.88,0.235,1770420131233,70858.95
0.81,0.12,0.88,0.235,1770420131300,70858.95
0.81,0.12,0.88,0.19,1770420131352,70858.95
0.765,0.12,0.88,0.19,1770420131363,70858.95
0.811,0.12,0.88,0.235,1770420131366,70858.95
0.811,0.12,0.88,0.189,1770420131420,70858.95
0.765,0.12,0.88,0.189,1770420131972,70858.95
0.765,0.12,0.88,0.235,1770420132047,70858.95
0.811,0.12,0.88,0.235,1770420132076,70858.95
0.811,0.12,0.88,0.189,1770420132197,70858.95
0.765,0.12,0.88,0.189,1770420133864,70870.92
0.765,0.12,0.88,0.235,1770420133881,70870.92
0.813,0.12,0.88,0.235,1770420133930,70870.92
0.813,0.12,0.88,0.187,1770420133953,70870.92
0.765,0.12,0.88,0.187,1770420134929,70878.0
0.814,0.12,0.88,0.235,1770420134960,70878.0
0.814,0.12,0.88,0.186,1770420135208,70878.0
0.814,0.119,0.88,0.186,1770420140474,70843.55
0.814,0.121,0.881,0.186,1770420140500,70843.55
0.814,0.121,0.879,0.186,1770420140557,70843.55
0.814,0.12,0.879,0.186,1770420140603,70843.55
0.814,0.121,0.88,0.186,1770420140707,70843.55
0.814,0.121,0.879,0.186,1770420141186,70843.55
0.814,0.118,0.879,0.186,1770420142188,70839.21
0.814,0.037,0.882,0.186,1770420142210,70839.21
0.814,0.122,0.963,0.186,1770420142214,70839.21
0.814,0.122,0.878,0.186,1770420142240,70839.21
0.814,0.027,0.878,0.186,1770420155438,70843.74
0.814,0.123,0.973,0.186,1770420155440,70843.74
0.814,0.123,0.877,0.186,1770420155441,70843.74
0.814,0.124,0.877,0.186,1770420156375,70835.11
0.814,0.123,0.876,0.186,1770420156399,70835.11
0.814,0.125,0.875,0.186,1770420156447,70835.11
0.814,0.126,0.875,0.186,1770420156449,70835.11
0.814,0.126,0.874,0.186,1770420156455,70835.11
0.814,0.127,0.874,0.186,1770420156693,70835.11
0.814,0.127,0.873,0.186,1770420157052,70835.11
0.814,0.128,0.873,0.186,1770420157498,70824.08
0.814,0.128,0.872,0.186,1770420157835,70824.08
0.814,0.129,0.872,0.186,1770420159544,70816.41
0.814,0.129,0.871,0.186,1770420160436,70816.4
0.814,0.027,0.871,0.186,1770420160513,70816.4
0.814,0.13,0.973,0.186,1770420160518,70816.4
0.814,0.13,0.87,0.186,1770420160523,70816.4
0.814,0.131,0.87,0.186,1770420160593,70816.4
0.814,0.131,0.869,0.186,1770420160594,70816.4
0.814,0.132,0.869,0.186,1770420160664,70816.4
0.814,0.132,0.868,0.186,1770420160698,70816.4
0.814,0.037,0.868,0.186,1770420160750,70816.4
0.814,0.133,0.867,0.186,1770420160775,70816.4
0.814,0.132,0.867,0.186,1770420162624,70800.7
0.814,0.037,0.868,0.186,1770420162681,70800.7
0.814,0.133,0.963,0.186,1770420162687,70800.7
0.814,0.133,0.867,0.186,1770420162776,70800.7
0.814,0.134,0.867,0.186,1770420177774,70808.0
0.814,0.134,0.866,0.186,1770420177786,70808.0
0.814,0.135,0.866,0.186,1770420177800,70808.0
0.814,0.135,0.865,0.186,1770420177842,70808.0
0.814,0.136,0.865,0.186,1770420177843,70808.0
0.814,0.136,0.864,0.186,1770420177846,70808.0
0.814,0.037,0.864,0.186,1770420177920,70808.0
0.814,0.137,0.963,0.186,1770420177923,70808.0
0.814,0.137,0.863,0.186,1770420177945,70808.0
0.814,0.138,0.863,0.186,1770420178000,70808.0
0.814,0.138,0.862,0.186,1770420178008,70808.0
0.814,0.037,0.862,0.186,1770420178076,70808.0
0.814,0.139,0.861,0.186,1770420178082,70808.0
0.814,0.14,0.861,0.186,1770420178099,70808.0
0.814,0.14,0.86,0.186,1770420178100,70808.0
0.814,0.141,0.86,0.186,1770420178148,70808.0
0.814,0.141,0.859,0.186,1770420178149,70808.0
0.814,0.142,0.859,0.186,1770420178176,70808.0
0.814,0.142,0.858,0.186,1770420178177,70808.0
0.814,0.037,0.858,0.186,1770420178256,70769.03
0.814,0.037,0.963,0.186,1770420178257,70769.03
0.814,0.143,0.857,0.186,1770420178259,70769.03
0.814,0.141,0.857,0.186,1770420178293,70769.03
0.814,0.142,0.859,0.186,1770420178331,70769.03
0.814,0.142,0.858,0.186,1770420178332,70769.03
0.814,0.143,0.858,0.186,1770420178367,70769.03
0.814,0.143,0.857,0.186,1770420178580,70769.03
0.814,0.144,0.857,0.186,1770420178707,70769.03
0.814,0.144,0.856,0.186,1770420178708,70769.03
0.814,0.145,0.856,0.186,1770420179778,70764.0
0.814,0.145,0.855,0.186,1770420179785,70764.0
0.814,0.144,0.855,0.186,1770420180088,70764.0
0.814,0.144,0.856,0.186,1770420181890,70759.87
0.814,0.145,0.856,0.186,1770420181891,70759.87
0.814,0.145,0.855,0.186,1770420181926,70759.87
0.814,0.146,0.855,0.186,1770420182131,70759.87
0.814,0.146,0.854,0.186,1770420182132,70759.87
0.814,0.145,0.854,0.186,1770420182422,70758.01
0.814,0.145,0.855,0.186,1770420182423,70758.01
0.814,0.139,0.855,0.186,1770420182619,70758.01
0.814,0.047,0.861,0.186,1770420182660,70758.01
0.814,0.138,0.862,0.186,1770420182669,70758.01
0.814,0.139,0.862,0.186,1770420182728,70758.01
0.814,0.139,0.861,0.186,1770420182729,70758.01
0.814,0.137,0.861,0.186,1770420182842,70758.01
0.814,0.138,0.863,0.186,1770420182843,70758.01
0.814,0.137,0.862,0.186,1770420182966,70758.01
0.814,0.137,0.863,0.186,1770420182967,70758.01
0.814,0.138,0.863,0.186,1770420185192,70777.14
0.814,0.138,0.862,0.186,1770420186065,70777.0
0.814,0.047,0.862,0.186,1770420186330,70777.0
0.814,0.047,0.953,0.186,1770420186331,70777.0
0.814,0.137,0.953,0.186,1770420186336,70777.0
0.814,0.139,0.863,0.186,1770420186349,70777.0
0.814,0.139,0.861,0.186,1770420186927,70777.0
0.814,0.14,0.861,0.186,1770420186961,70777.0
0.814,0.141,0.86,0.186,1770420187004,70777.0
0.814,0.141,0.859,0.186,1770420187005,70777.0
0.814,0.047,0.859,0.186,1770420187035,70777.0
0.814,0.142,0.953,0.186,1770420187036,70777.0
0.814,0.142,0.858,0.186,1770420187047,70777.0
0.814,0.141,0.858,0.186,1770420187080,70777.0
0.814,0.143,0.859,0.186,1770420187089,70777.0
0.814,0.141,0.857,0.186,1770420187116,70777.0
0.814,0.141,0.856,0.186,1770420187273,70759.53
0.814,0.145,0.859,0.186,1770420187274,70759.53
0.814,0.145,0.855,0.186,1770420187287,70759.53
0.814,0.047,0.855,0.186,1770420187297,70759.53
0.814,0.047,0.953,0.186,1770420187298,70759.53
0.814,0.146,0.953,0.186,1770420187300,70759.53
0.814,0.146,0.854,0.186,1770420187333,70759.53
0.814,0.147,0.854,0.186,1770420187349,70759.53
0.814,0.147,0.853,0.186,1770420187575,70759.53
0.814,0.148,0.853,0.186,1770420187628,70759.53
0.814,0.148,0.852,0.186,1770420187729,70759.53
0.765,0.148,0.852,0.186,1770420194068,70764.05
0.765,0.148,0.852,0.235,1770420194069,70764.05
0.807,0.148,0.852,0.235,1770420194088,70764.05
0.807,0.148,0.852,0.193,1770420194125,70764.05
0.807,0.15,0.851,0.193,1770420194153,70764.05
0.807,0.15,0.85,0.193,1770420194158,70764.05
0.807,0.148,0.85,0.193,1770420194178,70764.05
0.807,0.047,0.852,0.193,1770420194210,70764.05
0.807,0.048,0.953,0.193,1770420194232,70764.05
0.807,0.047,0.952,0.193,1770420194266,70744.53
0.807,0.049,0.953,0.193,1770420194268,70744.53
0.807,0.149,0.951,0.193,1770420194276,70744.53
0.807,0.149,0.851,0.193,1770420194296,70744.53
0.807,0.15,0.851,0.193,1770420194569,70744.53
0.807,0.15,0.85,0.193,1770420194613,70744.53
0.807,0.151,0.85,0.193,1770420194645,70744.53
0.807,0.151,0.849,0.193,1770420194761,70744.53
0.807,0.152,0.849,0.193,1770420194806,70744.53
0.807,0.152,0.848,0.193,1770420194963,70744.53
0.807,0.153,0.848,0.193,1770420195089,70744.53
0.807,0.153,0.847,0.193,1770420195468,70735.61
0.807,0.154,0.847,0.193,1770420199566,70744.53
0.807,0.153,0.846,0.193,1770420199572,70744.53
0.807,0.153,0.847,0.193,1770420199573,70744.53
0.807,0.155,0.847,0.193,1770420199577,70744.53
0.807,0.155,0.845,0.193,1770420199598,70744.53
0.807,0.156,0.845,0.193,1770420199643,70744.53
0.807,0.156,0.844,0.193,1770420199675,70744.53
0.765,0.156,0.844,0.193,1770420201896,70726.0
0.765,0.156,0.844,0.235,1770420202104,70726.0
0.765,0.157,0.844,0.235,1770420202106,70726.0
0.769,0.157,0.843,0.235,1770420202121,70726.0
0.769,0.157,0.843,0.231,1770420202122,70726.0
0.769,0.047,0.843,0.231,1770420202141,70726.0
0.769,0.158,0.953,0.231,1770420202143,70726.0
0.769,0.158,0.842,0.231,1770420202162,70726.0
0.769,0.047,0.842,0.231,1770420202325,70722.95
0.769,0.159,0.843,0.231,1770420202342,70722.95
0.769,0.159,0.841,0.231,1770420202918,70722.95
0.769,0.16,0.841,0.231,1770420203902,70715.34
0.769,0.16,0.84,0.231,1770420203936,70715.34
0.769,0.161,0.84,0.231,1770420204744,70712.0
0.769,0.161,0.839,0.231,1770420204770,70712.0
0.769,0.162,0.838,0.231,1770420204801,70712.0
0.769,0.163,0.838,0.231,1770420204816,70712.0
0.769,0.163,0.837,0.231,1770420204817,70712.0
0.769,0.164,0.837,0.231,1770420205653,70700.01
0.769,0.164,0.836,0.231,1770420205664,70700.01
0.769,0.057,0.836,0.231,1770420205674,70700.01
0.769,0.162,0.943,0.231,1770420205688,70700.01
0.769,0.162,0.838,0.231,1770420205705,70700.01
0.769,0.057,0.838,0.231,1770420205838,70700.01
0.769,0.163,0.943,0.231,1770420205843,70700.01
0.769,0.163,0.837,0.231,1770420205864,70700.01
0.769,0.058,0.837,0.231,1770420205868,70700.01
0.769,0.057,0.942,0.231,1770420205911,70700.01
0.769,0.059,0.943,0.231,1770420205913,70700.01
0.769,0.059,0.941,0.231,1770420205914,70700.01
0.769,0.057,0.941,0.231,1770420205947,70700.01
0.769,0.133,0.867,0.231,1770420205991,70700.01
0.769,0.134,0.867,0.231,1770420205992,70700.01
0.769,0.133,0.866,0.231,1770420206010,70700.01
0.769,0.135,0.867,0.231,1770420206020,70700.01
0.769,0.133,0.865,0.231,1770420206061,70700.01
0.769,0.136,0.867,0.231,1770420206063,70700.01
0.769,0.133,0.864,0.231,1770420206085,70700.01
0.769,0.134,0.867,0.231,1770420206087,70700.01
0.769,0.135,0.866,0.231,1770420206135,70700.01
0.769,0.135,0.865,0.231,1770420206136,70700.01
0.769,0.133,0.865,0.231,1770420206164,70700.01
0.769,0.136,0.867,0.231,1770420206167,70700.01
0.769,0.136,0.864,0.231,1770420206168,70700.01
0.769,0.137,0.864,0.231,1770420206218,70700.01
0.769,0.137,0.863,0.231,1770420206254,70700.01
0.769,0.057,0.863,0.231,1770420206263,70700.01
0.769,0.138,0.862,0.231,1770420206296,70700.01
0.769,0.139,0.862,0.231,1770420206334,70700.01
0.769,0.139,0.861,0.231,1770420206335,70700.01
0.769,0.14,0.861,0.231,1770420206367,70700.01
0.769,0.138,0.86,0.231,1770420206420,70700.01
0.769,0.141,0.862,0.231,1770420206422,70700.01
0.769,0.138,0.859,0.231,1770420206442,70700.01
0.769,0.139,0.862,0.231,1770420206456,70700.01
0.769,0.14,0.861,0.231,1770420206491,70700.01
0.769,0.14,0.86,0.231,1770420206492,70700.01
0.769,0.138,0.86,0.231,1770420206520,70700.01
0.769,0.138,0.862,0.231,1770420206521,70700.01
0.769,0.138,0.859,0.231,1770420206569,70700.01
0.769,0.142,0.862,0.231,1770420206576,70700.01
0.769,0.142,0.858,0.231,1770420206577,70700.01
0.769,0.143,0.858,0.231,1770420206647,70700.01
0.769,0.143,0.857,0.231,1770420206664,70700.01
0.769,0.144,0.857,0.231,1770420206719,70700.01
0.769,0.144,0.856,0.231,1770420206744,70700.01
0.769,0.057,0.856,0.231,1770420206775,70700.01
0.769,0.057,0.943,0.231,1770420206776,70700.01
0.769,0.145,0.943,0.231,1770420206777,70700.01
0.769,0.145,0.855,0.231,1770420206801,70700.01
0.769,0.059,0.942,0.231,1770420206845,70700.01
0.769,0.059,0.941,0.231,1770420206846,70700.01
0.769,0.057,0.941,0.231,1770420206876,70700.01
0.769,0.057,0.943,0.231,1770420206877,70700.01
0.769,0.057,0.94,0.231,1770420206922,70700.01
0.769,0.061,0.943,0.231,1770420206926,70700.01
0.769,0.061,0.939,0.231,1770420206927,70700.01
0.769,0.131,0.939,0.231,1770420206937,70700.01
0.769,0.131,0.869,0.231,1770420206947,70700.01
0.769,0.132,0.869,0.231,1770420206997,70700.01
0.769,0.132,0.868,0.231,1770420207003,70700.01
0.769,0.133,0.868,0.231,1770420207021,70700.01
0.769,0.133,0.867,0.231,1770420207022,70700.01
0.769,0.131,0.867,0.231,1770420207077,70700.01
0.769,0.134,0.869,0.231,1770420207078,70700.01
0.769,0.131,0.866,0.231,1770420207152,70700.01
0.769,0.131,0.869,0.231,1770420207153,70700.01
0.769,0.135,0.869,0.231,1770420207154,70700.01
0.769,0.131,0.865,0.231,1770420207175,70700.01
0.769,0.132,0.869,0.231,1770420207177,70700.01
0.769,0.131,0.868,0.231,1770420207225,70700.01
0.769,0.133,0.869,0.231,1770420207227,70700.01
0.769,0.133,0.867,0.231,1770420207228,70700.01
0.769,0.131,0.867,0.231,1770420207249,70700.01
0.769,0.131,0.869,0.231,1770420207250,70700.01
0.769,0.134,0.869,0.231,1770420207255,70700.01
0.769,0.131,0.866,0.231,1770420207309,70700.01
0.769,0.131,0.869,0.231,1770420207310,70700.01
0.769,0.131,0.865,0.231,1770420207329,70700.01
0.769,0.136,0.869,0.231,1770420207331,70700.01
0.769,0.137,0.864,0.231,1770420207373,70700.01
0.769,0.137,0.863,0.231,1770420207374,70700.01
0.769,0.131,0.863,0.231,1770420207400,70700.01
0.769,0.138,0.869,0.231,1770420207402,70700.01
0.769,0.131,0.862,0.231,1770420207447,70700.01
0.769,0.139,0.869,0.231,1770420207449,70700.01
0.769,0.139,0.861,0.231,1770420207450,70700.01
0.769,0.057,0.861,0.231,1770420207472,70700.01
0.769,0.132,0.943,0.231,1770420207476,70700.01
0.769,0.139,0.868,0.231,1770420207501,70700.01
0.769,0.139,0.861,0.231,1770420207521,70700.01
0.769,0.14,0.861,0.231,1770420207548,70700.01
0.769,0.14,0.86,0.231,1770420207571,70700.01
0.769,0.141,0.86,0.231,1770420207598,70700.01
0.769,0.139,0.859,0.231,1770420207621,70700.01
0.769,0.142,0.861,0.231,1770420207638,70700.01
0.769,0.143,0.858,0.231,1770420207674,70700.01
0.769,0.143,0.857,0.231,1770420207677,70700.01
0.769,0.139,0.857,0.231,1770420207705,70700.01
0.769,0.144,0.861,0.231,1770420207706,70700.01
0.769,0.145,0.856,0.231,1770420207753,70700.01
0.769,0.145,0.855,0.231,1770420207754,70700.01
0.769,0.139,0.855,0.231,1770420207780,70700.01
0.769,0.139,0.861,0.231,1770420207781,70700.01
0.769,0.146,0.861,0.231,1770420207784,70700.01
0.769,0.139,0.854,0.231,1770420207828,70700.01
0.769,0.139,0.861,0.231,1770420207829,70700.01
0.769,0.139,0.853,0.231,1770420207858,70700.01
0.769,0.148,0.861,0.231,1770420207859,70700.01
0.769,0.148,0.852,0.231,1770420207865,70700.01
0.769,0.057,0.852,0.231,1770420207906,70700.01
0.769,0.149,0.943,0.231,1770420207910,70700.01
0.769,0.149,0.851,0.231,1770420207942,70700.01
0.769,0.058,0.851,0.231,1770420207943,70700.01
0.769,0.15,0.942,0.231,1770420207960,70700.01
0.769,0.15,0.85,0.231,1770420207961,70700.01
0.769,0.151,0.85,0.231,1770420208024,70700.01
0.769,0.151,0.849,0.231,1770420208025,70700.01
0.769,0.057,0.849,0.231,1770420208054,70700.01
0.769,0.152,0.943,0.231,1770420208055,70700.01
0.769,0.152,0.848,0.231,1770420208064,70700.01
0.769,0.153,0.848,0.231,1770420208102,70700.01
0.769,0.153,0.847,0.231,1770420208114,70700.01
0.769,0.154,0.847,0.231,1770420208126,70700.01
0.769,0.154,0.846,0.231,1770420208127,70700.01
0.769,0.153,0.846,0.231,1770420208187,70700.01
0.769,0.153,0.847,0.231,1770420208188,70700.01
0.769,0.151,0.847,0.231,1770420208191,70700.01
0.769,0.151,0.849,0.231,1770420208192,70700.01
0.769,0.155,0.849,0.231,1770420208193,70700.01
0.769,0.155,0.845,0.231,1770420208194,70700.01
0.769,0.057,0.845,0.231,1770420208265,70712.29
0.769,0.156,0.943,0.231,1770420208266,70712.29
0.769,0.156,0.844,0.231,1770420208271,70712.29
0.769,0.157,0.844,0.231,1770420208289,70712.29
0.769,0.156,0.843,0.231,1770420208337,70712.29
0.769,0.158,0.842,0.231,1770420208352,70712.29
0.769,0.159,0.842,0.231,1770420208709,70712.29
0.769,0.158,0.841,0.231,1770420208758,70712.29
0.769,0.158,0.842,0.231,1770420208761,70712.29
0.769,0.16,0.842,0.231,1770420208765,70712.29
0.769,0.057,0.84,0.231,1770420208834,70712.29
0.769,0.161,0.943,0.231,1770420208835,70712.29
0.769,0.161,0.839,0.231,1770420208836,70712.29
0.769,0.162,0.839,0.231,1770420208864,70712.29
0.769,0.162,0.838,0.231,1770420208865,70712.29
0.769,0.161,0.838,0.231,1770420208907,70712.29
0.769,0.163,0.839,0.231,1770420208911,70712.29
0.769,0.163,0.837,0.231,1770420208926,70712.29
0.769,0.057,0.837,0.231,1770420209072,70712.29
0.769,0.057,0.943,0.231,1770420209073,70712.29
0.769,0.164,0.836,0.231,1770420209091,70712.29
0.769,0.165,0.836,0.231,1770420210158,70700.0
0.769,0.165,0.835,0.231,1770420210161,70700.0
0.769,0.038,0.835,0.231,1770420210183,70700.0
0.769,0.166,0.962,0.231,1770420210187,70700.0
0.769,0.166,0.834,0.231,1770420210205,70700.0
0.769,0.167,0.834,0.231,1770420210236,70700.01
0.769,0.166,0.833,0.231,1770420210304,70700.01
0.769,0.067,0.834,0.231,1770420210305,70700.01
0.769,0.168,0.933,0.231,1770420210309,70700.01
0.769,0.168,0.832,0.231,1770420210330,70700.01
0.769,0.068,0.832,0.231,1770420210332,70700.01
0.769,0.068,0.932,0.231,1770420210333,70700.01
0.769,0.067,0.932,0.231,1770420210382,70700.01
0.769,0.069,0.933,0.231,1770420210383,70700.01
0.769,0.067,0.931,0.231,1770420210411,70700.01
0.769,0.138,0.93,0.231,1770420210440,70700.01
0.769,0.138,0.862,0.231,1770420210454,70700.01
0.769,0.139,0.862,0.231,1770420210493,70700.01
0.769,0.14,0.861,0.231,1770420210534,70700.01
0.769,0.14,0.86,0.231,1770420210537,70700.01
0.769,0.141,0.86,0.231,1770420210563,70700.01
0.769,0.141,0.859,0.231,1770420210564,70700.01
0.769,0.067,0.859,0.231,1770420210608,70700.01
0.769,0.142,0.933,0.231,1770420210612,70700.01
0.769,0.142,0.858,0.231,1770420210619,70700.01
0.769,0.143,0.858,0.231,1770420210645,70700.01
0.769,0.142,0.857,0.231,1770420210684,70700.01
0.769,0.144,0.858,0.231,1770420210685,70700.01
0.769,0.144,0.856,0.231,1770420210687,70700.01
0.769,0.067,0.856,0.231,1770420210709,70700.01
0.769,0.145,0.933,0.231,1770420210711,70700.01
0.769,0.145,0.855,0.231,1770420210721,70700.01
0.769,0.146,0.855,0.231,1770420210756,70700.01
0.769,0.144,0.854,0.231,1770420210784,70700.01
0.769,0.144,0.856,0.231,1770420210785,70700.01
0.769,0.147,0.856,0.231,1770420210786,70700.01
0.769,0.147,0.853,0.231,1770420210787,70700.01
0.769,0.067,0.853,0.231,1770420210829,70700.01
0.769,0.148,0.933,0.231,1770420210833,70700.01
0.769,0.148,0.852,0.231,1770420210836,70700.01
0.769,0.067,0.852,0.231,1770420210862,70700.01
0.769,0.149,0.933,0.231,1770420210865,70700.01
0.769,0.067,0.851,0.231,1770420210909,70700.01
0.769,0.067,0.85,0.231,1770420210937,70700.01
0.769,0.067,0.933,0.231,1770420210938,70700.01
0.769,0.151,0.933,0.231,1770420210941,70700.01
0.769,0.151,0.849,0.231,1770420210942,70700.01
0.769,0.067,0.849,0.231,1770420210977,70700.01
0.769,0.152,0.933,0.231,1770420210982,70700.01
0.769,0.067,0.848,0.231,1770420211010,70700.01
0.769,0.153,0.933,0.231,1770420211014,70700.01
0.769,0.153,0.847,0.231,1770420211015,70700.01
0.769,0.067,0.847,0.231,1770420211051,70700.01
0.769,0.154,0.933,0.231,1770420211053,70700.01
0.769,0.155,0.846,0.231,1770420211090,70700.01
0.769,0.067,0.845,0.231,1770420211127,70700.01
0.769,0.156,0.933,0.231,1770420211136,70700.01
0.769,0.156,0.844,0.231,1770420211174,70700.01
0.769,0.154,0.843,0.231,1770420211202,70700.01
0.769,0.158,0.846,0.231,1770420211203,70700.01
0.769,0.154,0.842,0.231,1770420211243,70673.42
0.769,0.159,0.846,0.231,1770420211244,70673.42
0.769,0.154,0.841,0.231,1770420211276,70673.42
0.769,0.16,0.84,0.231,1770420211279,70673.42
0.769,0.154,0.84,0.231,1770420211320,70673.42
0.769,0.161,0.839,0.231,1770420211329,70673.42
0.769,0.162,0.839,0.231,1770420211370,70673.42
0.769,0.162,0.838,0.231,1770420211379,70673.42
0.769,0.163,0.838,0.231,1770420211395,70673.42
0.769,0.163,0.837,0.231,1770420211437,70673.42
0.769,0.164,0.837,0.231,1770420211470,70673.42
0.769,0.164,0.836,0.231,1770420211471,70673.42
0.769,0.067,0.836,0.231,1770420211495,70673.42
0.769,0.165,0.933,0.231,1770420211497,70673.42
0.769,0.165,0.835,0.231,1770420211529,70673.42
0.769,0.166,0.835,0.231,1770420211552,70673.42
0.769,0.167,0.834,0.231,1770420211577,70673.42
0.769,0.167,0.833,0.231,1770420211578,70673.42
0.769,0.165,0.833,0.231,1770420211625,70673.42
0.769,0.168,0.835,0.231,1770420211626,70673.42
0.769,0.165,0.832,0.231,1770420211698,70673.42
0.769,0.165,0.835,0.231,1770420211699,70673.42
0.769,0.067,0.835,0.231,1770420211704,70673.42
0.769,0.067,0.933,0.231,1770420211705,70673.42
0.769,0.068,0.933,0.231,1770420211735,70673.42
0.769,0.169,0.932,0.231,1770420211750,70673.42
0.769,0.169,0.831,0.231,1770420211751,70673.42
0.769,0.068,0.831,0.231,1770420211776,70673.42
0.769,0.17,0.933,0.231,1770420211777,70673.42
0.769,0.067,0.83,0.231,1770420211849,70673.42
0.769,0.171,0.933,0.231,1770420211850,70673.42
0.769,0.067,0.829,0.231,1770420211915,70673.42
0.769,0.172,0.828,0.231,1770420211935,70673.42
0.769,0.171,0.828,0.231,1770420211938,70673.42
0.769,0.171,0.829,0.231,1770420211989,70673.42
0.769,0.172,0.829,0.231,1770420212690,70672.0
0.769,0.172,0.828,0.231,1770420212696,70672.0
0.769,0.067,0.828,0.231,1770420212713,70672.0
0.769,0.173,0.827,0.231,1770420212714,70672.0
0.769,0.067,0.827,0.231,1770420212758,70672.0
0.769,0.174,0.933,0.231,1770420212761,70672.0
0.769,0.174,0.826,0.231,1770420212863,70672.0
0.769,0.173,0.826,0.231,1770420212885,70672.0
0.769,0.173,0.827,0.231,1770420212890,70672.0
0.769,0.174,0.827,0.231,1770420213242,70672.01
0.769,0.173,0.826,0.231,1770420213303,70672.01
0.769,0.175,0.827,0.231,1770420213322,70672.01
0.769,0.175,0.825,0.231,1770420213483,70672.01
0.769,0.174,0.825,0.231,1770420213534,70672.01
0.769,0.176,0.824,0.231,1770420213537,70672.01
0.769,0.067,0.824,0.231,1770420213594,70672.01
0.769,0.177,0.933,0.231,1770420213601,70672.01
0.769,0.177,0.823,0.231,1770420213602,70672.01
0.769,0.067,0.823,0.231,1770420213694,70672.01
0.769,0.178,0.822,0.231,1770420213695,70672.01
0.769,0.176,0.822,0.231,1770420213781,70672.01
0.769,0.176,0.823,0.231,1770420213876,70672.01
0.769,0.176,0.824,0.231,1770420213877,70672.01
0.769,0.177,0.824,0.231,1770420214627,70666.0
0.769,0.177,0.823,0.231,1770420214628,70666.0
0.769,0.176,0.823,0.231,1770420214869,70666.0
0.769,0.176,0.824,0.231,1770420214870,70666.0
0.769,0.067,0.824,0.231,1770420215259,70666.0
0.769,0.172,0.933,0.231,1770420215260,70666.0
0.769,0.067,0.828,0.231,1770420215286,70666.0
0.769,0.171,0.933,0.231,1770420215313,70666.0
0.769,0.171,0.829,0.231,1770420215356,70666.0
0.769,0.067,0.829,0.231,1770420215459,70666.0
0.769,0.172,0.933,0.231,1770420215460,70666.0
0.769,0.172,0.828,0.231,1770420215480,70666.0
0.769,0.17,0.828,0.231,1770420216482,70669.8
0.769,0.173,0.83,0.231,1770420216492,70669.8
0.769,0.173,0.827,0.231,1770420216514,70669.8
0.769,0.174,0.827,0.231,1770420216558,70669.8
0.769,0.174,0.826,0.231,1770420216561,70669.8
0.769,0.172,0.826,0.231,1770420217585,70669.8
0.769,0.172,0.828,0.231,1770420217586,70669.8
0.769,0.173,0.828,0.231,1770420217590,70669.8
0.769,0.173,0.827,0.231,1770420217701,70669.8
0.769,0.172,0.827,0.231,1770420217703,70669.8
0.769,0.172,0.828,0.231,1770420217724,70669.8
0.769,0.173,0.828,0.231,1770420218883,70673.41
0.769,0.173,0.827,0.231,1770420218884,70673.41
0.769,0.172,0.827,0.231,1770420219371,70673.41
0.769,0.172,0.828,0.231,1770420219372,70673.41
0.769,0.173,0.828,0.231,1770420219570,70673.41
0.769,0.173,0.827,0.231,1770420219582,70673.41
0.769,0.174,0.827,0.231,1770420222776,70673.4
0.769,0.173,0.826,0.231,1770420222812,70673.4
0.769,0.175,0.827,0.231,1770420222818,70673.4
0.769,0.175,0.825,0.231,1770420222820,70673.4
0.769,0.067,0.825,0.231,1770420222845,70673.4
0.769,0.176,0.933,0.231,1770420222848,70673.4
0.769,0.176,0.824,0.231,1770420222860,70673.4
0.769,0.175,0.824,0.231,1770420222897,70673.4
0.769,0.177,0.823,0.231,1770420222918,70673.4
0.769,0.067,0.823,0.231,1770420222919,70673.4
0.769,0.178,0.933,0.231,1770420222921,70673.4
0.769,0.067,0.822,0.231,1770420222961,70673.4
0.769,0.178,0.933,0.231,1770420222962,70673.4
0.769,0.179,0.822,0.231,1770420222966,70673.4
0.769,0.178,0.821,0.231,1770420222993,70673.4
0.769,0.18,0.822,0.231,1770420222996,70673.4
0.769,0.18,0.82,0.231,1770420223045,70673.4
0.769,0.181,0.82,0.231,1770420223557,70649.88
0.769,0.181,0.819,0.231,1770420223566,70649.88
0.769,0.067,0.819,0.231,1770420223579,70649.88
0.769,0.182,0.933,0.231,1770420223581,70649.88
0.769,0.182,0.818,0.231,1770420223694,70649.88
0.769,0.067,0.818,0.231,1770420223882,70649.88
0.769,0.183,0.933,0.231,1770420223884,70649.88
0.769,0.067,0.817,0.231,1770420223939,70649.88
0.769,0.181,0.933,0.231,1770420223962,70649.88
0.769,0.181,0.819,0.231,1770420223963,70649.88
0.769,0.182,0.819,0.231,1770420223992,70649.88
0.769,0.182,0.818,0.231,1770420224013,70649.88
0.769,0.183,0.818,0.231,1770420224018,70649.88
0.769,0.183,0.817,0.231,1770420224124,70649.88
0.769,0.184,0.817,0.231,1770420224175,70649.88
0.769,0.184,0.816,0.231,1770420224180,70649.88
0.769,0.181,0.816,0.231,1770420224269,70647.9
0.769,0.181,0.819,0.231,1770420224270,70647.9
0.769,0.183,0.819,0.231,1770420224271,70647.9
0.769,0.181,0.817,0.231,1770420224338,70647.9
0.769,0.182,0.819,0.231,1770420224343,70647.9
0.769,0.181,0.818,0.231,1770420225155,70647.9
0.769,0.184,0.817,0.231,1770420225803,70645.07
0.769,0.184,0.816,0.231,1770420225823,70645.07
0.769,0.185,0.816,0.231,1770420225828,70645.07
0.769,0.185,0.815,0.231,1770420225832,70645.07
0.769,0.184,0.815,0.231,1770420225879,70645.07
0.769,0.186,0.816,0.231,1770420225897,70645.07
0.769,0.184,0.814,0.231,1770420225988,70645.07
0.769,0.185,0.816,0.231,1770420225992,70645.07
0.769,0.184,0.815,0.231,1770420226936,70639.88
0.769,0.186,0.816,0.231,1770420226938,70639.88
0.769,0.186,0.814,0.231,1770420227079,70639.88
0.769,0.185,0.814,0.231,1770420227117,70639.88
0.769,0.185,0.815,0.231,1770420227652,70639.88
0.769,0.184,0.815,0.231,1770420227653,70639.88
0.769,0.184,0.816,0.231,1770420227700,70639.88
0.769,0.185,0.816,0.231,1770420227949,70639.88
0.769,0.185,0.815,0.231,1770420227950,70639.88
0.769,0.186,0.815,0.231,1770420227984,70639.88
0.769,0.186,0.814,0.231,1770420227991,70639.88
0.769,0.079,0.814,0.231,1770420228019,70639.88
0.769,0.187,0.921,0.231,1770420228022,70639.88
0.769,0.187,0.813,0.231,1770420228038,70639.88
0.769,0.185,0.813,0.231,1770420228097,70639.88
0.769,0.186,0.815,0.231,1770420228099,70639.88
0.769,0.185,0.814,0.231,1770420228237,70639.88
0.769,0.187,0.815,0.231,1770420228239,70639.88
0.769,0.185,0.813,0.231,1770420228416,70632.01
0.769,0.185,0.815,0.231,1770420228417,70632.01
0.769,0.188,0.815,0.231,1770420228418,70632.01
0.769,0.185,0.812,0.231,1770420228443,70632.01
0.769,0.186,0.815,0.231,1770420228444,70632.01
0.769,0.187,0.814,0.231,1770420228492,70632.01
0.769,0.185,0.813,0.231,1770420228517,70632.01
0.769,0.188,0.815,0.231,1770420228518,70632.01
0.769,0.185,0.812,0.231,1770420229515,70628.58
0.769,0.189,0.815,0.231,1770420229525,70628.58
0.769,0.079,0.811,0.231,1770420229544,70628.58
0.769,0.079,0.921,0.231,1770420229545,70628.58
0.769,0.186,0.921,0.231,1770420229546,70628.58
0.769,0.19,0.814,0.231,1770420229567,70628.58
0.769,0.19,0.81,0.231,1770420229588,70628.58
0.769,0.191,0.81,0.231,1770420229790,70628.58
0.769,0.191,0.809,0.231,1770420229791,70628.58
0.769,0.192,0.809,0.231,1770420230430,70618.19
0.769,0.192,0.808,0.231,1770420230433,70618.19
0.769,0.193,0.808,0.231,1770420230457,70618.19
0.769,0.193,0.807,0.231,1770420230460,70618.19
0.769,0.079,0.807,0.231,1770420230479,70618.19
0.769,0.079,0.921,0.231,1770420230480,70618.19
0.769,0.19,0.921,0.231,1770420230482,70618.19
0.769,0.191,0.81,0.231,1770420230513,70618.19
0.769,0.191,0.809,0.231,1770420230515,70618.19
0.769,0.079,0.809,0.231,1770420230535,70618.19
0.769,0.192,0.921,0.231,1770420230536,70618.19
0.769,0.193,0.808,0.231,1770420230569,70618.19
0.769,0.193,0.807,0.231,1770420230570,70618.19
0.769,0.192,0.807,0.231,1770420231146,70618.19
0.769,0.194,0.808,0.231,1770420231147,70618.19
0.769,0.194,0.806,0.231,1770420231160,70618.19
0.765,0.194,0.806,0.231,1770420231164,70618.19
0.765,0.194,0.806,0.235,1770420231360,70620.2
0.765,0.079,0.806,0.235,1770420231565,70620.2
0.765,0.079,0.921,0.235,1770420231566,70620.2
0.765,0.195,0.805,0.235,1770420231580,70620.2
0.765,0.194,0.805,0.235,1770420231598,70620.2
0.765,0.196,0.806,0.235,1770420231600,70620.2
0.765,0.196,0.804,0.235,1770420231601,70620.2
0.765,0.194,0.804,0.235,1770420231749,70620.2
0.765,0.195,0.805,0.235,1770420231756,70620.2
0.765,0.194,0.805,0.235,1770420231757,70620.2
0.765,0.194,0.806,0.235,1770420231763,70620.2
0.765,0.195,0.806,0.235,1770420231924,70620.2
0.765,0.194,0.805,0.235,1770420232014,70620.2
0.765,0.196,0.806,0.235,1770420232015,70620.2
0.765,0.196,0.804,0.235,1770420232023,70620.2
0.765,0.197,0.804,0.235,1770420232040,70620.2
0.765,0.197,0.803,0.235,1770420232055,70620.2
0.765,0.198,0.803,0.235,1770420232095,70620.2
0.765,0.198,0.802,0.235,1770420232096,70620.2
0.765,0.197,0.802,0.235,1770420232129,70620.2
0.765,0.199,0.803,0.235,1770420232133,70620.2
0.765,0.197,0.801,0.235,1770420232168,70620.2
0.765,0.2,0.8,0.235,1770420232206,70620.2
0.765,0.197,0.8,0.235,1770420232208,70620.2
0.765,0.198,0.803,0.235,1770420232231,70620.2
0.765,0.197,0.802,0.235,1770420232255,70611.05
0.765,0.199,0.803,0.235,1770420232258,70611.05
0.765,0.199,0.801,0.235,1770420232281,70611.05
0.765,0.2,0.801,0.235,1770420232284,70611.05
0.765,0.2,0.8,0.235,1770420232285,70611.05
0.765,0.199,0.8,0.235,1770420232328,70611.05
0.765,0.199,0.801,0.235,1770420232329,70611.05
0.765,0.201,0.801,0.235,1770420232331,70611.05
0.765,0.201,0.799,0.235,1770420232341,70611.05
0.765,0.091,0.799,0.235,1770420232357,70611.05
0.765,0.196,0.909,0.235,1770420232373,70611.05
0.765,0.197,0.804,0.235,1770420232407,70611.05
0.765,0.198,0.803,0.235,1770420232451,70611.05
0.765,0.198,0.802,0.235,1770420232469,70611.05
0.765,0.199,0.802,0.235,1770420232476,70611.05
0.765,0.199,0.801,0.235,1770420232508,70611.05
0.765,0.198,0.801,0.235,1770420232550,70611.05
0.765,0.197,0.802,0.235,1770420232555,70611.05
0.765,0.197,0.8,0.235,1770420232623,70611.05
0.765,0.201,0.803,0.235,1770420232629,70611.05
0.765,0.197,0.799,0.235,1770420232660,70611.05
0.765,0.197,0.803,0.235,1770420232661,70611.05
0.765,0.197,0.802,0.235,1770420232694,70611.05
0.765,0.197,0.803,0.235,1770420232695,70611.05
0.765,0.197,0.801,0.235,1770420232722,70611.05
0.765,0.2,0.803,0.235,1770420232723,70611.05
0.765,0.197,0.8,0.235,1770420232772,70611.05
0.765,0.201,0.803,0.235,1770420232775,70611.05
0.765,0.197,0.799,0.235,1770420232826,70611.05
0.765,0.202,0.803,0.235,1770420232830,70611.05
0.765,0.202,0.798,0.235,1770420232839,70611.05
0.765,0.091,0.798,0.235,1770420232871,70611.05
0.765,0.091,0.909,0.235,1770420232872,70611.05
0.765,0.203,0.909,0.235,1770420232874,70611.05
0.765,0.203,0.797,0.235,1770420232876,70611.05
0.765,0.091,0.797,0.235,1770420232942,70611.05
0.765,0.202,0.909,0.235,1770420232951,70611.05
0.765,0.202,0.798,0.235,1770420232952,70611.05
0.765,0.201,0.798,0.235,1770420232970,70611.05
0.765,0.201,0.799,0.235,1770420232972,70611.05
0.765,0.196,0.799,0.235,1770420233066,70611.05
0.765,0.091,0.804,0.235,1770420233097,70611.05
0.765,0.195,0.805,0.235,1770420233098,70611.05
0.765,0.194,0.805,0.235,1770420233155,70611.05
0.765,0.194,0.806,0.235,1770420233156,70611.05
0.765,0.194,0.804,0.235,1770420233447,70605.6
0.765,0.194,0.805,0.235,1770420233523,70605.6
0.765,0.194,0.806,0.235,1770420233524,70605.6
0.765,0.188,0.806,0.235,1770420234009,70605.6
0.765,0.188,0.812,0.235,1770420234054,70605.6
0.765,0.187,0.812,0.235,1770420234055,70605.6
0.765,0.187,0.813,0.235,1770420234068,70605.6
0.765,0.186,0.813,0.235,1770420234423,70628.58
0.765,0.186,0.814,0.235,1770420234484,70628.58
0.765,0.179,0.814,0.235,1770420235102,70628.58
0.765,0.177,0.921,0.235,1770420235106,70628.58
0.765,0.177,0.823,0.235,1770420235186,70628.58
0.765,0.174,0.823,0.235,1770420235730,70654.0
0.765,0.174,0.826,0.235,1770420235733,70654.0
0.765,0.038,0.826,0.235,1770420235738,70654.0
0.765,0.165,0.962,0.235,1770420235752,70654.0
0.765,0.165,0.835,0.235,1770420235759,70654.0
0.765,0.066,0.835,0.235,1770420235778,70654.0
0.765,0.136,0.934,0.235,1770420235800,70654.0
0.765,0.136,0.864,0.235,1770420235805,70654.0
0.765,0.137,0.864,0.235,1770420235842,70654.0
0.765,0.136,0.863,0.235,1770420235868,70654.0
0.765,0.138,0.862,0.235,1770420235889,70654.0
0.765,0.066,0.862,0.235,1770420235902,70654.0
0.765,0.139,0.934,0.235,1770420235910,70654.0
0.765,0.139,0.861,0.235,1770420235917,70654.0
0.765,0.14,0.861,0.235,1770420235945,70654.0
0.765,0.14,0.86,0.235,1770420235967,70654.0
0.765,0.066,0.86,0.235,1770420235985,70654.0
0.765,0.066,0.934,0.235,1770420235986,70654.0
0.765,0.141,0.934,0.235,1770420235987,70654.0
0.765,0.066,0.859,0.235,1770420236023,70654.0
0.765,0.142,0.934,0.235,1770420236026,70654.0
0.765,0.066,0.858,0.235,1770420236062,70654.0
0.765,0.066,0.934,0.235,1770420236063,70654.0
0.765,0.066,0.857,0.235,1770420236096,70654.0
0.765,0.144,0.934,0.235,1770420236098,70654.0
0.765,0.145,0.856,0.235,1770420236137,70654.0
0.765,0.145,0.855,0.235,1770420236139,70654.0
0.765,0.142,0.855,0.235,1770420236170,70654.0
0.765,0.142,0.858,0.235,1770420236171,70654.0
0.765,0.146,0.858,0.235,1770420236173,70654.0
0.765,0.142,0.854,0.235,1770420236212,70654.0
0.765,0.147,0.858,0.235,1770420236214,70654.0
0.765,0.142,0.853,0.235,1770420236242,70693.12
0.765,0.148,0.858,0.235,1770420236246,70693.12
0.765,0.142,0.852,0.235,1770420236294,70693.12
0.765,0.149,0.858,0.235,1770420236304,70693.12
0.765,0.149,0.851,0.235,1770420236317,70693.12
0.765,0.15,0.851,0.235,1770420236369,70693.12
0.765,0.15,0.85,0.235,1770420236372,70693.12
0.765,0.151,0.85,0.235,1770420236443,70693.12
0.765,0.15,0.849,0.235,1770420236492,70693.12
0.765,0.152,0.85,0.235,1770420236493,70693.12
0.765,0.152,0.848,0.235,1770420236511,70693.12
0.765,0.066,0.848,0.235,1770420236519,70693.12
