0.58,0.4,0.6,0.41,1770417209308,70865.99
0.58,0.4,0.6,0.42,1770417209309,70865.99
0.58,0.4,0.59,0.42,1770417209315,70865.99
0.58,0.41,0.59,0.42,1770417209316,70865.99
0.58,0.42,0.59,0.43,1770417209340,70865.99
0.57,0.42,0.58,0.43,1770417209348,70865.99
0.56,0.42,0.58,0.43,1770417209430,70865.99
0.56,0.42,0.58,0.44,1770417209431,70865.99
0.55,0.42,0.58,0.44,1770417209446,70865.99
0.55,0.42,0.58,0.45,1770417209447,70865.99
0.56,0.42,0.58,0.45,1770417209539,70865.99
0.56,0.42,0.58,0.44,1770417209540,70865.99
0.56,0.42,0.58,0.45,1770417209563,70865.99
0.55,0.42,0.58,0.45,1770417209641,70865.99
0.55,0.45,0.58,0.46,1770417209762,70865.99
0.54,0.45,0.55,0.46,1770417209763,70865.99
0.54,0.44,0.55,0.46,1770417210338,70853.14
0.54,0.44,0.56,0.46,1770417210344,70853.14
0.54,0.45,0.56,0.46,1770417210482,70853.14
0.54,0.45,0.55,0.46,1770417210483,70853.14
0.54,0.44,0.55,0.46,1770417210629,70853.14
0.54,0.44,0.56,0.46,1770417210632,70853.14
0.54,0.45,0.56,0.46,1770417210754,70853.14
0.54,0.45,0.55,0.46,1770417210755,70853.14
0.54,0.44,0.55,0.46,1770417211457,70853.13
0.54,0.44,0.56,0.46,1770417211458,70853.13
0.54,0.45,0.56,0.46,1770417211472,70853.13
0.54,0.45,0.55,0.46,1770417211473,70853.13
0.53,0.45,0.55,0.46,1770417214940,70853.13
0.53,0.45,0.55,0.47,1770417214946,70853.13
0.53,0.46,0.55,0.47,1770417214982,70853.13
0.53,0.46,0.54,0.47,1770417214983,70853.13
0.52,0.46,0.54,0.47,1770417215412,70846.01
0.52,0.46,0.54,0.48,1770417215413,70846.01
0.52,0.47,0.54,0.48,1770417215573,70846.01
0.52,0.47,0.53,0.48,1770417215574,70846.01
0.52,0.46,0.53,0.48,1770417219544,70856.07
0.52,0.45,0.54,0.48,1770417219554,70856.07
0.52,0.45,0.55,0.48,1770417219555,70856.07
0.52,0.44,0.55,0.48,1770417219572,70856.07
0.52,0.44,0.56,0.48,1770417219573,70856.07
0.53,0.44,0.56,0.48,1770417219575,70856.07
0.53,0.44,0.56,0.47,1770417219593,70856.07
0.54,0.44,0.56,0.47,1770417219815,70856.07
0.54,0.44,0.56,0.46,1770417219862,70856.07
0.54,0.44,0.57,0.46,1770417219932,70856.07
0.54,0.43,0.57,0.46,1770417220002,70856.07
0.54,0.43,0.57,0.45,1770417220253,70860.0
0.55,0.43,0.57,0.45,1770417220255,70860.0
0.55,0.44,0.57,0.45,1770417220320,70860.0
0.55,0.44,0.56,0.45,1770417220321,70860.0
0.55,0.43,0.56,0.45,1770417220596,70860.0
0.55,0.43,0.57,0.45,1770417220597,70860.0
0.55,0.44,0.57,0.45,1770417220860,70860.0
0.55,0.44,0.56,0.45,1770417220861,70860.0
0.55,0.43,0.56,0.45,1770417221537,70860.0
0.56,0.43,0.57,0.45,1770417221538,70860.0
0.56,0.43,0.57,0.44,1770417221541,70860.0
0.56,0.42,0.57,0.44,1770417222377,70872.01
0.56,0.42,0.58,0.44,1770417222395,70872.01
0.56,0.42,0.58,0.43,1770417222399,70872.01
0.57,0.42,0.58,0.43,1770417222400,70872.01
0.57,0.41,0.58,0.43,1770417222421,70872.01
0.57,0.41,0.59,0.43,1770417222446,70872.01
0.57,0.4,0.59,0.43,1770417222472,70872.01
0.57,0.4,0.6,0.43,1770417222473,70872.01
0.58,0.4,0.6,0.43,1770417222756,70872.01
0.58,0.4,0.6,0.42,1770417222757,70872.01
0.59,0.4,0.6,0.42,1770417222779,70872.01
0.59,0.4,0.6,0.41,1770417222780,70872.01
0.59,0.39,0.6,0.41,1770417224426,70878.01
0.59,0.39,0.61,0.41,1770417224427,70878.01
0.59,0.4,0.61,0.41,1770417224498,70878.01
0.59,0.4,0.6,0.41,1770417224499,70878.01
0.59,0.39,0.6,0.41,1770417224502,70878.01
0.59,0.39,0.61,0.41,1770417224503,70878.01
0.6,0.39,0.61,0.41,1770417224672,70878.01
0.6,0.39,0.61,0.4,1770417224684,70878.01
0.59,0.39,0.61,0.4,1770417224741,70878.01
0.59,0.39,0.61,0.41,1770417224742,70878.01
0.6,0.39,0.61,0.41,1770417224772,70878.01
0.6,0.39,0.61,0.4,1770417224773,70878.01
0.59,0.39,0.61,0.4,1770417233734,70878.03
0.59,0.39,0.61,0.41,1770417233735,70878.03
0.59,0.4,0.61,0.41,1770417233736,70878.03
0.59,0.4,0.6,0.41,1770417233737,70878.03
0.58,0.4,0.6,0.41,1770417238051,70878.02
0.58,0.41,0.59,0.42,1770417238052,70878.02
0.58,0.4,0.59,0.42,1770417238153,70878.02
0.58,0.4,0.6,0.42,1770417238156,70878.02
0.58,0.41,0.6,0.42,1770417238161,70878.02
0.58,0.41,0.59,0.42,1770417238163,70878.02
0.59,0.41,0.6,0.42,1770417242944,70878.03
0.59,0.4,0.6,0.41,1770417242945,70878.03
0.59,0.39,0.6,0.41,1770417243313,70882.61
0.59,0.39,0.61,0.41,1770417243333,70882.61
0.6,0.39,0.61,0.41,1770417243468,70882.61
0.6,0.39,0.61,0.4,1770417243469,70882.61
0.6,0.38,0.61,0.4,1770417243878,70882.61
0.6,0.38,0.62,0.4,1770417243879,70882.61
0.61,0.38,0.62,0.4,1770417243888,70882.61
0.61,0.38,0.62,0.39,1770417243896,70882.61
0.61,0.37,0.62,0.39,1770417249601,70890.19
0.61,0.37,0.63,0.39,1770417249602,70890.19
0.62,0.37,0.63,0.39,1770417249901,70890.19
0.62,0.37,0.63,0.38,1770417249905,70890.19
0.62,0.36,0.63,0.38,1770417250674,70890.19
0.63,0.36,0.64,0.38,1770417250676,70890.19
0.63,0.36,0.64,0.37,1770417250680,70890.19
0.63,0.35,0.64,0.37,1770417251826,70894.24
0.63,0.35,0.65,0.37,1770417251845,70894.24
0.64,0.35,0.65,0.37,1770417251896,70894.24
0.64,0.35,0.65,0.36,1770417251897,70894.24
0.65,0.35,0.66,0.36,1770417251951,70894.24
0.65,0.34,0.66,0.35,1770417251952,70894.24
0.65,0.35,0.66,0.36,1770417253612,70906.85
0.64,0.35,0.65,0.36,1770417253613,70906.85
0.61,0.35,0.65,0.36,1770417254211,70906.85
0.61,0.35,0.65,0.39,1770417254212,70906.85
0.62,0.35,0.65,0.38,1770417254213,70906.85
0.61,0.35,0.65,0.38,1770417254321,70900.72
0.64,0.35,0.65,0.39,1770417254327,70900.72
0.64,0.35,0.65,0.36,1770417254328,70900.72
0.64,0.36,0.65,0.37,1770417254383,70900.72
0.63,0.35,0.64,0.37,1770417254393,70900.72
0.63,0.35,0.65,0.37,1770417254394,70900.72
0.63,0.36,0.64,0.37,1770417254408,70900.72
0.62,0.36,0.64,0.37,1770417257964,70900.71
0.62,0.36,0.64,0.38,1770417257965,70900.71
0.63,0.36,0.64,0.38,1770417258013,70900.71
0.63,0.36,0.64,0.37,1770417258014,70900.71
0.62,0.36,0.64,0.37,1770417258021,70900.71
0.62,0.36,0.64,0.38,1770417258022,70900.71
0.63,0.36,0.64,0.38,1770417258031,70900.71
0.63,0.36,0.64,0.37,1770417258032,70900.71
0.62,0.36,0.64,0.37,1770417259134,70900.72
0.62,0.36,0.64,0.38,1770417259135,70900.72
0.62,0.36,0.63,0.38,1770417259138,70900.72
0.62,0.37,0.63,0.38,1770417259139,70900.72
0.63,0.37,0.64,0.38,1770417261993,70900.72
0.63,0.36,0.64,0.37,1770417261994,70900.72
0.63,0.35,0.64,0.37,1770417263510,70922.84
0.63,0.35,0.65,0.37,1770417263511,70922.84
0.64,0.35,0.65,0.37,1770417263551,70922.84
0.64,0.35,0.65,0.36,1770417263568,70922.84
0.64,0.33,0.65,0.36,1770417263619,70922.84
0.64,0.33,0.67,0.36,1770417263620,70922.84
0.64,0.32,0.67,0.36,1770417263645,70922.84
0.64,0.32,0.68,0.36,1770417263646,70922.84
0.66,0.32,0.68,0.36,1770417263818,70922.84
0.66,0.32,0.68,0.34,1770417263819,70922.84
0.66,0.31,0.68,0.34,1770417263872,70922.84
0.66,0.31,0.69,0.34,1770417263873,70922.84
0.69,0.31,0.7,0.34,1770417264106,70922.84
0.69,0.3,0.7,0.31,1770417264154,70922.84
0.7,0.3,0.71,0.31,1770417264857,70928.0
0.7,0.29,0.71,0.3,1770417264859,70928.0
0.71,0.29,0.72,0.3,1770417265369,70920.92
0.71,0.28,0.72,0.29,1770417265370,70920.92
0.71,0.29,0.72,0.3,1770417266003,70920.92
0.7,0.29,0.71,0.3,1770417266004,70920.92
0.7,0.29,0.71,0.31,1770417266557,70920.93
0.69,0.29,0.71,0.31,1770417266558,70920.93
0.7,0.29,0.71,0.31,1770417266653,70920.93
0.7,0.29,0.71,0.3,1770417266654,70920.93
0.69,0.29,0.71,0.3,1770417267247,70920.93
0.69,0.29,0.71,0.31,1770417267248,70920.93
0.69,0.3,0.71,0.31,1770417267250,70920.93
0.69,0.3,0.7,0.31,1770417267255,70920.93
0.69,0.28,0.7,0.31,1770417268327,70934.22
0.69,0.28,0.72,0.31,1770417268328,70934.22
0.69,0.29,0.72,0.31,1770417268332,70934.22
0.69,0.29,0.71,0.31,1770417268334,70934.22
0.69,0.28,0.71,0.31,1770417268373,70934.22
0.69,0.28,0.72,0.31,1770417268374,70934.22
0.7,0.28,0.72,0.31,1770417268466,70934.22
0.7,0.28,0.72,0.3,1770417268467,70934.22
0.71,0.28,0.72,0.3,1770417268760,70934.22
0.71,0.28,0.72,0.29,1770417268761,70934.22
0.71,0.27,0.72,0.29,1770417270564,70969.05
0.71,0.27,0.73,0.29,1770417270565,70969.05
0.72,0.27,0.73,0.29,1770417270571,70969.05
0.72,0.27,0.73,0.28,1770417270576,70969.05
0.72,0.26,0.73,0.28,1770417270584,70969.05
0.72,0.26,0.74,0.28,1770417270585,70969.05
0.72,0.24,0.74,0.28,1770417270593,70969.05
0.72,0.24,0.76,0.28,1770417270594,70969.05
0.73,0.24,0.76,0.28,1770417270759,70969.05
0.73,0.24,0.76,0.27,1770417270760,70969.05
0.74,0.24,0.76,0.27,1770417271123,70969.05
0.74,0.24,0.76,0.26,1770417271134,70969.05
0.74,0.23,0.76,0.26,1770417271232,70972.87
0.74,0.23,0.77,0.26,1770417271233,70972.87
0.74,0.22,0.77,0.26,1770417271313,70972.87
0.74,0.22,0.78,0.26,1770417271314,70972.87
0.77,0.22,0.78,0.26,1770417271354,70972.87
0.77,0.22,0.78,0.23,1770417271355,70972.87
0.77,0.21,0.78,0.23,1770417275763,70972.88
0.77,0.21,0.79,0.23,1770417275765,70972.88
0.78,0.21,0.79,0.23,1770417275766,70972.88
0.78,0.21,0.79,0.22,1770417275806,70972.88
0.79,0.21,0.8,0.22,1770417275958,70972.88
0.79,0.2,0.8,0.21,1770417275960,70972.88
0.79,0.19,0.8,0.21,1770417277842,70999.99
0.79,0.19,0.81,0.21,1770417277843,70999.99
0.79,0.19,0.8,0.21,1770417277906,70999.99
0.79,0.2,0.8,0.21,1770417277908,70999.99
0.79,0.19,0.8,0.21,1770417277985,70999.99
0.79,0.19,0.81,0.21,1770417277986,70999.99
0.8,0.19,0.81,0.21,1770417278007,70999.99
0.8,0.19,0.81,0.2,1770417278008,70999.99
0.79,0.19,0.81,0.2,1770417278088,70999.99
0.79,0.19,0.81,0.21,1770417278089,70999.99
0.8,0.19,0.81,0.21,1770417278090,70999.99
0.8,0.19,0.81,0.2,1770417278110,70999.99
0.79,0.19,0.81,0.2,1770417281928,70999.29
0.79,0.19,0.81,0.21,1770417281929,70999.29
0.8,0.19,0.81,0.21,1770417281930,70999.29
0.8,0.19,0.81,0.2,1770417281952,70999.29
0.8,0.19,0.82,0.2,1770417284590,70999.99
0.8,0.18,0.82,0.2,1770417284591,70999.99
0.8,0.18,0.81,0.2,1770417284596,70999.99
0.8,0.19,0.81,0.2,1770417284597,70999.99
0.8,0.18,0.81,0.2,1770417285046,70999.99
0.81,0.18,0.82,0.2,1770417285047,70999.99
0.81,0.18,0.82,0.19,1770417285049,70999.99
0.8,0.18,0.82,0.19,1770417285860,70999.99
0.8,0.18,0.81,0.2,1770417285872,70999.99
0.8,0.19,0.81,0.2,1770417285873,70999.99
0.79,0.19,0.81,0.2,1770417288178,71000.0
0.79,0.19,0.81,0.21,1770417288179,71000.0
0.79,0.2,0.8,0.21,1770417288200,71000.0
0.78,0.2,0.8,0.21,1770417288807,70991.37
0.78,0.2,0.8,0.22,1770417288808,70991.37
0.79,0.2,0.8,0.22,1770417288815,70991.37
0.79,0.2,0.8,0.21,1770417288816,70991.37
0.78,0.2,0.8,0.21,1770417288856,70991.37
0.78,0.2,0.8,0.22,1770417288858,70991.37
0.79,0.2,0.8,0.21,1770417288859,70991.37
0.79,0.2,0.8,0.22,1770417291156,70991.37
0.78,0.2,0.8,0.22,1770417291161,70991.37
0.77,0.2,0.8,0.22,1770417291187,70991.37
0.77,0.2,0.8,0.23,1770417291190,70991.37
0.78,0.2,0.8,0.23,1770417291199,70991.37
0.78,0.2,0.8,0.22,1770417291210,70991.37
0.78,0.21,0.79,0.22,1770417291211,70991.37
0.77,0.21,0.79,0.22,1770417291579,70989.51
0.77,0.21,0.79,0.23,1770417291580,70989.51
0.78,0.21,0.79,0.23,1770417291600,70989.51
0.78,0.21,0.79,0.22,1770417291601,70989.51
0.78,0.2,0.79,0.22,1770417294357,70989.53
0.78,0.2,0.8,0.22,1770417294358,70989.53
0.79,0.2,0.8,0.22,1770417294359,70989.53
0.79,0.2,0.8,0.21,1770417294401,70989.53
0.79,0.19,0.8,0.21,1770417300705,70999.28
0.79,0.19,0.81,0.21,1770417300706,70999.28
0.79,0.2,0.81,0.21,1770417300707,70999.28
0.79,0.2,0.8,0.21,1770417300714,70999.28
0.79,0.19,0.8,0.21,1770417301129,70999.28
0.79,0.19,0.81,0.21,1770417301135,70999.28
0.8,0.19,0.81,0.21,1770417301141,70999.28
0.8,0.19,0.81,0.2,1770417301143,70999.28
0.79,0.19,0.81,0.2,1770417306312,70991.97
0.79,0.19,0.81,0.21,1770417306315,70991.97
0.79,0.19,0.8,0.21,1770417306341,70991.97
0.79,0.2,0.8,0.21,1770417306343,70991.97
0.78,0.2,0.8,0.21,1770417306919,70991.97
0.78,0.2,0.8,0.22,1770417306920,70991.97
0.77,0.2,0.8,0.22,1770417306943,70991.97
0.77,0.2,0.8,0.23,1770417306944,70991.97
0.75,0.2,0.8,0.23,1770417306984,70991.97
0.75,0.2,0.8,0.25,1770417306985,70991.97
0.75,0.23,0.8,0.25,1770417307011,70991.97
0.75,0.23,0.77,0.25,1770417307012,70991.97
0.76,0.23,0.77,0.25,1770417308205,70962.0
0.76,0.23,0.77,0.24,1770417308206,70962.0
0.75,0.23,0.77,0.24,1770417308336,70954.01
0.75,0.23,0.77,0.25,1770417308337,70954.01
0.75,0.24,0.77,0.25,1770417308513,70954.01
0.75,0.24,0.76,0.25,1770417308519,70954.01
0.74,0.24,0.76,0.25,1770417308864,70954.01
0.74,0.24,0.76,0.26,1770417308865,70954.01
0.74,0.25,0.76,0.26,1770417310041,70954.29
0.74,0.25,0.75,0.26,1770417310043,70954.29
0.74,0.24,0.75,0.26,1770417310148,70954.29
0.74,0.24,0.76,0.26,1770417310149,70954.29
0.75,0.24,0.76,0.26,1770417310164,70954.29
0.75,0.24,0.76,0.25,1770417310165,70954.29
0.74,0.24,0.76,0.25,1770417310533,70972.7
0.74,0.24,0.76,0.26,1770417310534,70972.7
0.74,0.25,0.76,0.26,1770417310758,70972.7
0.74,0.25,0.75,0.26,1770417310759,70972.7
0.75,0.25,0.76,0.26,1770417310999,70972.7
0.75,0.24,0.76,0.25,1770417311000,70972.7
0.75,0.23,0.76,0.25,1770417312654,70978.57
0.75,0.23,0.77,0.25,1770417312655,70978.57
0.76,0.23,0.77,0.25,1770417312710,70978.57
0.76,0.23,0.77,0.24,1770417312711,70978.57
0.76,0.23,0.78,0.24,1770417313426,70984.95
0.76,0.22,0.78,0.24,1770417313427,70984.95
0.77,0.22,0.78,0.24,1770417313560,70984.95
0.77,0.22,0.78,0.23,1770417313561,70984.95
0.78,0.22,0.79,0.23,1770417314533,70994.2
0.78,0.21,0.79,0.22,1770417314534,70994.2
0.78,0.2,0.79,0.22,1770417315052,70994.2
0.78,0.2,0.8,0.22,1770417315055,70994.2
0.78,0.21,0.8,0.22,1770417315068,70994.2
0.78,0.21,0.79,0.22,1770417315069,70994.2
0.79,0.21,0.8,0.22,1770417315438,71000.0
0.79,0.2,0.8,0.21,1770417315439,71000.0
0.79,0.19,0.8,0.21,1770417317018,70999.99
0.79,0.19,0.81,0.21,1770417317019,70999.99
0.8,0.19,0.81,0.21,1770417317054,70999.99
0.8,0.19,0.81,0.2,1770417317055,70999.99
0.81,0.19,0.82,0.2,1770417318409,71013.9
0.81,0.18,0.82,0.19,1770417318410,71013.9
0.81,0.17,0.82,0.19,1770417318832,71013.9
0.81,0.17,0.83,0.19,1770417318833,71013.9
0.81,0.18,0.83,0.19,1770417318852,71013.9
0.81,0.18,0.82,0.19,1770417318853,71013.9
0.81,0.17,0.82,0.19,1770417318948,71013.9
0.81,0.18,0.83,0.19,1770417318949,71013.9
0.81,0.18,0.82,0.19,1770417318952,71013.9
0.81,0.17,0.82,0.19,1770417319403,71021.98
0.81,0.17,0.83,0.19,1770417319404,71021.98
0.82,0.17,0.83,0.19,1770417319466,71021.98
0.82,0.17,0.83,0.18,1770417319467,71021.98
0.82,0.16,0.83,0.18,1770417319587,71021.98
0.82,0.16,0.84,0.18,1770417319588,71021.98
0.82,0.16,0.83,0.18,1770417319682,71021.98
0.82,0.17,0.83,0.18,1770417319686,71021.98
0.83,0.17,0.84,0.18,1770417319714,71021.98
0.83,0.16,0.84,0.17,1770417319715,71021.98
0.83,0.15,0.84,0.17,1770417320289,71061.99
0.83,0.15,0.85,0.17,1770417320290,71061.99
0.83,0.16,0.85,0.17,1770417320347,71061.99
0.83,0.16,0.84,0.17,1770417320349,71061.99
0.83,0.15,0.84,0.17,1770417320395,71061.99
0.83,0.15,0.85,0.17,1770417320396,71061.99
0.84,0.15,0.85,0.17,1770417320486,71061.99
0.84,0.15,0.85,0.16,1770417320487,71061.99
0.83,0.15,0.85,0.16,1770417320495,71061.99
0.83,0.15,0.85,0.17,1770417320497,71061.99
0.84,0.15,0.85,0.17,1770417320498,71061.99
0.84,0.15,0.85,0.16,1770417320499,71061.99
0.84,0.14,0.85,0.16,1770417320638,71061.99
0.84,0.14,0.86,0.16,1770417320639,71061.99
0.84,0.14,0.87,0.16,1770417320907,71061.99
0.84,0.15,0.87,0.16,1770417320908,71061.99
0.84,0.13,0.87,0.16,1770417320909,71061.99
0.84,0.14,0.87,0.16,1770417321121,71061.99
0.84,0.14,0.86,0.16,1770417321158,71061.99
0.84,0.14,0.87,0.16,1770417321190,71061.99
0.84,0.13,0.87,0.16,1770417321191,71061.99
0.84,0.14,0.87,0.16,1770417321192,71061.99
0.85,0.14,0.86,0.15,1770417321193,71061.99
0.85,0.13,0.86,0.15,1770417321202,71061.99
0.85,0.13,0.87,0.15,1770417321236,71038.85
0.85,0.14,0.87,0.15,1770417321319,71038.85
0.85,0.14,0.86,0.15,1770417321320,71038.85
0.85,0.15,0.86,0.16,1770417321386,71038.85
0.84,0.15,0.85,0.16,1770417321387,71038.85
0.84,0.14,0.85,0.16,1770417321391,71038.85
0.84,0.14,0.86,0.16,1770417321392,71038.85
0.84,0.15,0.86,0.16,1770417321393,71038.85
0.84,0.15,0.85,0.16,1770417321394,71038.85
0.84,0.14,0.85,0.16,1770417321589,71038.85
0.84,0.14,0.86,0.16,1770417321590,71038.85
0.84,0.15,0.86,0.16,1770417321668,71038.85
0.84,0.15,0.85,0.16,1770417321669,71038.85
0.84,0.14,0.85,0.16,1770417321687,71038.85
0.84,0.14,0.86,0.16,1770417321688,71038.85
0.84,0.15,0.86,0.16,1770417322107,71038.85
0.84,0.15,0.85,0.16,1770417322255,71071.99
0.85,0.15,0.86,0.16,1770417323244,71071.99
0.85,0.14,0.86,0.15,1770417323245,71071.99
0.85,0.13,0.86,0.15,1770417324186,71071.99
0.85,0.13,0.87,0.15,1770417324211,71071.99
0.85,0.12,0.87,0.15,1770417325077,71067.01
0.85,0.12,0.88,0.15,1770417325091,71067.01
0.85,0.13,0.88,0.15,1770417325094,71067.01
0.85,0.13,0.87,0.15,1770417325095,71067.01
0.85,0.14,0.87,0.15,1770417325206,71067.01
0.85,0.14,0.86,0.15,1770417325207,71067.01
0.85,0.13,0.86,0.15,1770417325217,71067.01
0.85,0.13,0.87,0.15,1770417325218,71067.01
0.86,0.13,0.87,0.15,1770417325270,71067.0
0.86,0.13,0.87,0.14,1770417325271,71067.0
0.85,0.13,0.87,0.14,1770417325308,71067.0
0.85,0.13,0.87,0.15,1770417325309,71067.0
0.85,0.14,0.87,0.15,1770417325350,71067.0
0.85,0.14,0.86,0.15,1770417325351,71067.0
0.86,0.14,0.87,0.15,1770417326061,71067.0
0.86,0.13,0.87,0.14,1770417326062,71067.0
0.85,0.13,0.87,0.14,1770417327391,71062.01
0.85,0.13,0.87,0.15,1770417327392,71062.01
0.86,0.13,0.87,0.15,1770417327407,71062.01
0.86,0.13,0.87,0.14,1770417327409,71062.01
0.85,0.13,0.87,0.14,1770417328368,71062.02
0.85,0.13,0.87,0.15,1770417328372,71062.02
0.86,0.13,0.87,0.15,1770417328488,71062.02
0.86,0.13,0.87,0.14,1770417328489,71062.02
0.85,0.13,0.87,0.14,1770417328504,71062.02
0.85,0.13,0.87,0.15,1770417328505,71062.02
0.85,0.14,0.87,0.15,1770417328508,71062.02
0.85,0.14,0.86,0.15,1770417328509,71062.02
0.85,0.13,0.86,0.15,1770417328826,71062.02
0.85,0.13,0.87,0.15,1770417328827,71062.02
0.85,0.14,0.87,0.15,1770417328878,71062.02
0.85,0.14,0.86,0.15,1770417328879,71062.02
0.85,0.13,0.86,0.15,1770417329706,71071.99
0.85,0.13,0.87,0.15,1770417329707,71071.99
0.86,0.13,0.87,0.15,1770417329711,71071.99
0.86,0.13,0.87,0.14,1770417329755,71071.99
0.86,0.11,0.87,0.14,1770417329784,71071.99
0.86,0.11,0.89,0.14,1770417329786,71071.99
0.86,0.12,0.89,0.14,1770417329867,71071.99
0.86,0.12,0.88,0.14,1770417329868,71071.99
0.86,0.11,0.88,0.14,1770417329984,71071.99
0.86,0.11,0.89,0.14,1770417329985,71071.99
0.87,0.11,0.89,0.14,1770417330215,71095.0
0.87,0.11,0.89,0.13,1770417330216,71095.0
0.88,0.11,0.89,0.13,1770417330218,71095.0
0.88,0.11,0.89,0.12,1770417330219,71095.0
0.88,0.1,0.89,0.12,1770417330525,71095.0
0.88,0.1,0.9,0.12,1770417330526,71095.0
0.88,0.11,0.9,0.12,1770417330754,71095.0
0.88,0.11,0.89,0.12,1770417330755,71095.0
0.88,0.1,0.89,0.12,1770417332174,71099.99
0.88,0.1,0.9,0.12,1770417332185,71099.99
0.89,0.1,0.9,0.12,1770417332517,71146.66
0.89,0.1,0.9,0.11,1770417332518,71146.66
0.88,0.1,0.9,0.11,1770417332768,71146.66
0.88,0.1,0.9,0.12,1770417332769,71146.66
0.88,0.11,0.9,0.12,1770417332781,71146.66
0.88,0.11,0.89,0.12,1770417332782,71146.66
0.89,0.11,0.9,0.12,1770417333228,71141.68
0.89,0.1,0.9,0.11,1770417333262,71141.68
0.89,0.09,0.9,0.11,1770417335233,71199.58
0.9,0.09,0.91,0.11,1770417335234,71199.58
0.9,0.09,0.91,0.1,1770417335278,71199.58
0.89,0.09,0.91,0.1,1770417335374,71199.58
0.89,0.09,0.91,0.11,1770417335378,71199.58
0.89,0.09,0.91,0.1,1770417335380,71199.58
0.9,0.09,0.91,0.1,1770417335381,71199.58
0.89,0.09,0.91,0.1,1770417336101,71199.58
0.89,0.09,0.91,0.11,1770417336125,71199.58
0.89,0.1,0.91,0.11,1770417336134,71199.58
0.89,0.1,0.9,0.11,1770417336136,71199.58
0.89,0.09,0.9,0.11,1770417336235,71217.02
0.89,0.09,0.91,0.11,1770417336236,71217.02
0.89,0.08,0.91,0.11,1770417336599,71217.02
0.89,0.08,0.92,0.11,1770417336609,71217.02
0.9,0.08,0.92,0.11,1770417336650,71217.02
0.9,0.08,0.92,0.1,1770417336651,71217.02
0.9,0.09,0.92,0.1,1770417336667,71217.02
0.9,0.09,0.91,0.1,1770417336672,71217.02
0.9,0.1,0.91,0.11,1770417336684,71217.02
0.89,0.1,0.9,0.11,1770417336818,71217.02
0.89,0.1,0.91,0.11,1770417337394,71189.58
0.89,0.09,0.91,0.11,1770417337401,71189.58
0.89,0.1,0.91,0.11,1770417337565,71189.58
0.89,0.1,0.9,0.11,1770417337566,71189.58
0.9,0.1,0.91,0.11,1770417337721,71189.58
0.9,0.09,0.91,0.1,1770417337722,71189.58
0.9,0.08,0.91,0.1,1770417338209,71189.58
0.9,0.08,0.92,0.1,1770417338210,71189.58
0.9,0.09,0.92,0.1,1770417338339,71201.65
0.9,0.09,0.91,0.1,1770417338343,71201.65
0.89,0.09,0.91,0.1,1770417338594,71201.65
0.89,0.09,0.91,0.11,1770417338596,71201.65
0.9,0.09,0.91,0.11,1770417339294,71201.23
0.9,0.09,0.91,0.1,1770417339423,71201.23
0.89,0.09,0.91,0.1,1770417339454,71201.23
0.89,0.09,0.91,0.11,1770417339485,71201.23
0.89,0.1,0.91,0.11,1770417339639,71201.23
0.89,0.1,0.9,0.11,1770417339640,71201.23
0.89,0.09,0.9,0.11,1770417339690,71201.23
0.89,0.09,0.91,0.11,1770417339691,71201.23
0.89,0.11,0.91,0.12,1770417339706,71201.23
0.88,0.11,0.89,0.12,1770417339869,71201.23
0.87,0.11,0.89,0.12,1770417345822,71190.84
0.87,0.11,0.89,0.13,1770417345823,71190.84
0.87,0.09,0.89,0.13,1770417345945,71190.84
0.87,0.09,0.91,0.13,1770417345946,71190.84
0.86,0.09,0.91,0.13,1770417345953,71190.84
0.86,0.09,0.91,0.14,1770417345980,71190.84
0.86,0.08,0.91,0.14,1770417346051,71190.84
0.86,0.08,0.92,0.14,1770417346070,71190.84
0.86,0.08,0.92,0.11,1770417346177,71190.84
0.89,0.08,0.92,0.11,1770417346205,71193.51
0.9,0.08,0.92,0.1,1770417346206,71193.51
0.9,0.08,0.92,0.11,1770417346319,71193.51
0.89,0.08,0.92,0.11,1770417346320,71193.51
0.86,0.08,0.92,0.11,1770417346421,71193.51
0.87,0.08,0.92,0.14,1770417346423,71193.51
0.87,0.08,0.92,0.13,1770417346424,71193.51
0.91,0.08,0.92,0.13,1770417346427,71193.51
0.91,0.08,0.92,0.09,1770417346428,71193.51
0.88,0.08,0.92,0.09,1770417346440,71193.51
0.88,0.09,0.92,0.12,1770417346441,71193.51
0.88,0.09,0.91,0.12,1770417346442,71193.51
0.88,0.11,0.91,0.12,1770417346705,71193.51
0.88,0.11,0.89,0.12,1770417346709,71193.51
0.88,0.09,0.89,0.12,1770417346718,71193.51
0.88,0.09,0.91,0.12,1770417346722,71193.51
0.88,0.11,0.91,0.12,1770417346767,71193.51
0.88,0.11,0.89,0.12,1770417346768,71193.51
0.88,0.09,0.89,0.12,1770417346789,71193.51
0.88,0.09,0.91,0.12,1770417346790,71193.51
0.89,0.09,0.91,0.12,1770417346794,71193.51
0.89,0.09,0.91,0.11,1770417346795,71193.51
0.9,0.09,0.91,0.11,1770417346799,71193.51
0.9,0.09,0.91,0.1,1770417346803,71193.51
0.9,0.07,0.91,0.1,1770417346811,71193.51
0.9,0.07,0.93,0.1,1770417346812,71193.51
0.89,0.07,0.93,0.1,1770417346935,71193.51
0.89,0.07,0.93,0.11,1770417346936,71193.51
0.89,0.08,0.93,0.11,1770417346947,71193.51
0.89,0.08,0.92,0.11,1770417346952,71193.51
0.89,0.09,0.92,0.11,1770417346955,71193.51
0.89,0.1,0.91,0.11,1770417346960,71193.51
0.89,0.1,0.9,0.11,1770417346961,71193.51
0.9,0.1,0.91,0.11,1770417346994,71193.51
0.9,0.09,0.91,0.1,1770417346995,71193.51
0.89,0.09,0.91,0.1,1770417347250,71196.7
0.89,0.09,0.91,0.11,1770417347251,71196.7
0.9,0.09,0.91,0.11,1770417347569,71196.7
0.89,0.09,0.91,0.1,1770417347776,71196.7
0.89,0.09,0.91,0.11,1770417347777,71196.7
0.89,0.1,0.91,0.11,1770417348181,71196.7
0.89,0.1,0.9,0.11,1770417348187,71196.7
0.89,0.09,0.9,0.11,1770417348259,71201.24
0.89,0.08,0.91,0.11,1770417348265,71201.24
0.89,0.08,0.92,0.11,1770417348266,71201.24
0.89,0.08,0.91,0.11,1770417348301,71201.24
0.89,0.09,0.91,0.11,1770417348307,71201.24
0.89,0.1,0.91,0.11,1770417348312,71201.24
0.89,0.1,0.9,0.11,1770417348314,71201.24
0.89,0.11,0.9,0.12,1770417350038,71201.25
0.88,0.11,0.89,0.12,1770417350042,71201.25
0.88,0.1,0.89,0.12,1770417350047,71201.25
0.88,0.1,0.9,0.12,1770417350048,71201.25
0.89,0.1,0.9,0.12,1770417350073,71201.25
0.89,0.1,0.9,0.11,1770417350103,71201.25
0.88,0.1,0.9,0.11,1770417350230,71202.0
0.88,0.1,0.9,0.12,1770417350231,71202.0
0.88,0.11,0.9,0.12,1770417350477,71202.0
0.88,0.11,0.89,0.12,1770417350484,71202.0
0.88,0.1,0.89,0.12,1770417350578,71202.0
0.88,0.1,0.9,0.12,1770417350579,71202.0
0.89,0.1,0.9,0.12,1770417350618,71202.0
0.89,0.1,0.9,0.11,1770417350619,71202.0
0.89,0.09,0.9,0.11,1770417368166,71162.38
0.89,0.09,0.91,0.11,1770417368167,71162.38
0.9,0.09,0.91,0.11,1770417368243,71127.64
0.9,0.09,0.91,0.1,1770417368244,71127.64
0.89,0.09,0.91,0.1,1770417370978,71132.63
0.89,0.09,0.91,0.11,1770417370991,71132.63
0.89,0.09,0.9,0.11,1770417371959,71149.76
0.89,0.1,0.9,0.11,1770417372093,71149.76
0.88,0.1,0.9,0.11,1770417372615,71122.4
0.88,0.1,0.9,0.12,1770417372616,71122.4
0.88,0.1,0.89,0.12,1770417372646,71122.4
0.88,0.11,0.89,0.12,1770417372647,71122.4
0.87,0.11,0.89,0.12,1770417372951,71122.4
0.87,0.11,0.89,0.13,1770417372952,71122.4
0.88,0.11,0.89,0.13,1770417373077,71122.4
0.88,0.11,0.89,0.12,1770417373078,71122.4
0.87,0.11,0.89,0.12,1770417373206,71122.4
0.87,0.11,0.89,0.13,1770417373207,71122.4
0.88,0.11,0.89,0.13,1770417373209,71122.4
0.88,0.11,0.89,0.12,1770417373210,71122.4
0.89,0.11,0.9,0.12,1770417373482,71113.45
0.89,0.1,0.9,0.11,1770417373483,71113.45
0.89,0.09,0.9,0.11,1770417375668,71139.33
0.89,0.09,0.91,0.11,1770417375675,71139.33
0.89,0.1,0.91,0.11,1770417375737,71139.33
0.89,0.1,0.9,0.11,1770417375748,71139.33
0.89,0.09,0.9,0.11,1770417375799,71139.33
0.89,0.09,0.91,0.11,1770417375837,71139.33
0.88,0.09,0.91,0.11,1770417376361,71139.34
0.88,0.1,0.9,0.12,1770417376474,71139.34
0.89,0.1,0.9,0.12,1770417376626,71139.34
0.89,0.1,0.9,0.11,1770417376628,71139.34
0.89,0.1,0.91,0.11,1770417377751,71140.0
0.89,0.09,0.91,0.11,1770417377752,71140.0
0.9,0.09,0.91,0.11,1770417377797,71140.0
0.9,0.09,0.91,0.1,1770417377798,71140.0
0.9,0.09,0.92,0.1,1770417380150,71145.79
0.91,0.08,0.92,0.09,1770417380151,71145.79
0.91,0.07,0.92,0.09,1770417381296,71198.14
0.91,0.07,0.93,0.09,1770417381297,71198.14
0.92,0.07,0.93,0.09,1770417381303,71198.14
0.92,0.07,0.93,0.08,1770417381304,71198.14
0.92,0.06,0.93,0.08,1770417391390,71227.02
0.92,0.06,0.94,0.08,1770417391433,71227.02
0.93,0.06,0.94,0.08,1770417391464,71227.02
0.93,0.06,0.94,0.07,1770417391467,71227.02
0.93,0.06,0.95,0.07,1770417393986,71308.79
0.93,0.05,0.95,0.06,1770417393988,71308.79
0.94,0.05,0.95,0.06,1770417394022,71308.79
0.93,0.05,0.95,0.06,1770417397768,71243.15
0.93,0.05,0.95,0.07,1770417397951,71243.15
0.94,0.05,0.95,0.07,1770417398841,71314.36
0.94,0.05,0.95,0.06,1770417398842,71314.36
0.93,0.05,0.95,0.06,1770417398855,71314.36
0.93,0.05,0.95,0.07,1770417398856,71314.36
0.94,0.05,0.95,0.07,1770417398861,71314.36
0.94,0.05,0.95,0.06,1770417398862,71314.36
0.93,0.05,0.95,0.06,1770417399121,71314.36
0.93,0.05,0.95,0.07,1770417399122,71314.36
0.94,0.05,0.95,0.07,1770417399290,71321.61
0.94,0.05,0.95,0.06,1770417399295,71321.61
0.93,0.05,0.95,0.06,1770417399424,71321.61
0.94,0.05,0.95,0.07,1770417399426,71321.61
0.94,0.05,0.95,0.06,1770417399428,71321.61
0.93,0.05,0.95,0.06,1770417399605,71321.61
0.93,0.05,0.95,0.07,1770417399606,71321.61
0.93,0.05,0.94,0.07,1770417400132,71321.61
0.93,0.06,0.94,0.07,1770417400251,71284.2
0.93,0.06,0.95,0.07,1770417400614,71284.2
0.93,0.05,0.95,0.07,1770417400619,71284.2
0.93,0.06,0.95,0.07,1770417400868,71284.2
0.93,0.06,0.94,0.07,1770417400971,71284.2
0.93,0.06,0.95,0.07,1770417402671,71266.14
0.93,0.05,0.95,0.07,1770417402674,71266.14
0.92,0.05,0.95,0.07,1770417403409,71237.1
0.92,0.05,0.95,0.08,1770417403410,71237.1
0.93,0.05,0.95,0.08,1770417403637,71237.1
0.93,0.05,0.95,0.07,1770417403639,71237.1
0.92,0.05,0.95,0.07,1770417404101,71237.1
0.92,0.05,0.95,0.08,1770417404102,71237.1
0.94,0.05,0.95,0.08,1770417404170,71237.1
0.94,0.05,0.95,0.06,1770417404190,71237.1
0.92,0.05,0.95,0.06,1770417404349,71237.1
0.92,0.05,0.95,0.08,1770417404350,71237.1
0.94,0.05,0.95,0.08,1770417404358,71237.1
0.92,0.05,0.95,0.06,1770417404458,71237.1
0.92,0.05,0.95,0.08,1770417404459,71237.1
0.94,0.05,0.95,0.08,1770417404463,71237.1
0.94,0.05,0.95,0.06,1770417404464,71237.1
0.94,0.04,0.95,0.06,1770417404853,71237.1
0.94,0.04,0.96,0.06,1770417404879,71237.1
0.95,0.04,0.96,0.06,1770417404909,71237.1
0.95,0.04,0.96,0.05,1770417404910,71237.1
0.94,0.04,0.96,0.05,1770417404968,71237.1
0.94,0.04,0.96,0.06,1770417404982,71237.1
0.94,0.05,0.96,0.06,1770417405288,71237.1
0.94,0.05,0.95,0.06,1770417405290,71237.1
0.94,0.05,0.96,0.06,1770417405323,71237.1
0.94,0.04,0.96,0.06,1770417405339,71237.1
0.94,0.05,0.96,0.06,1770417405371,71237.1
0.94,0.05,0.95,0.06,1770417405372,71237.1
0.93,0.05,0.95,0.06,1770417406060,71237.1
0.93,0.05,0.95,0.07,1770417406185,71237.1
0.93,0.05,0.94,0.07,1770417406301,71237.09
0.93,0.06,0.94,0.07,1770417406402,71237.09
0.93,0.04,0.94,0.07,1770417406675,71237.09
0.93,0.04,0.96,0.07,1770417406676,71237.09
0.93,0.05,0.96,0.07,1770417406917,71237.09
0.93,0.05,0.95,0.07,1770417406918,71237.09
0.94,0.05,0.95,0.07,1770417406922,71237.09
0.94,0.05,0.95,0.06,1770417406923,71237.09
0.93,0.05,0.95,0.06,1770417407237,71240.38
0.93,0.05,0.95,0.07,1770417407238,71240.38
0.93,0.06,0.94,0.07,1770417407392,71240.38
0.92,0.06,0.94,0.07,1770417407700,71240.38
0.92,0.06,0.94,0.08,1770417407701,71240.38
0.93,0.06,0.94,0.08,1770417408374,71233.0
0.93,0.06,0.94,0.07,1770417408386,71233.0
0.92,0.06,0.94,0.07,1770417409129,71233.0
0.92,0.06,0.94,0.08,1770417409130,71233.0
0.93,0.06,0.94,0.08,1770417409641,71233.0
0.93,0.06,0.94,0.07,1770417409642,71233.0
0.92,0.06,0.94,0.07,1770417409764,71233.0
0.92,0.06,0.94,0.08,1770417409873,71233.0
0.93,0.06,0.94,0.08,1770417410055,71233.0
0.93,0.06,0.94,0.07,1770417410058,71233.0
0.92,0.06,0.94,0.07,1770417410192,71233.0
0.92,0.06,0.94,0.08,1770417410195,71233.0
0.92,0.05,0.94,0.08,1770417410239,71233.0
0.92,0.05,0.95,0.08,1770417410240,71233.0
0.92,0.05,0.95,0.06,1770417410258,71232.99
0.94,0.05,0.95,0.06,1770417410261,71232.99
0.94,0.05,0.95,0.07,1770417410331,71232.99
0.93,0.05,0.95,0.07,1770417410332,71232.99
0.94,0.05,0.95,0.07,1770417410368,71232.99
0.94,0.05,0.95,0.06,1770417410369,71232.99
0.94,0.06,0.95,0.07,1770417410441,71232.99
0.93,0.06,0.94,0.07,1770417410475,71232.99
0.93,0.05,0.94,0.07,1770417410540,71232.99
0.93,0.05,0.95,0.07,1770417410541,71232.99
0.93,0.06,0.95,0.07,1770417410550,71232.99
0.93,0.06,0.94,0.07,1770417410553,71232.99
0.92,0.06,0.94,0.07,1770417413055,71232.99
0.92,0.06,0.94,0.08,1770417413056,71232.99
0.92,0.06,0.94,0.07,1770417413058,71232.99
0.93,0.06,0.94,0.07,1770417413059,71232.99
0.94,0.06,0.95,0.07,1770417414129,71232.27
0.94,0.05,0.95,0.06,1770417414140,71232.27
0.93,0.05,0.95,0.06,1770417417186,71232.27
0.93,0.05,0.95,0.07,1770417417187,71232.27
0.94,0.05,0.95,0.07,1770417417222,71232.27
0.94,0.05,0.95,0.06,1770417417227,71232.27
0.94,0.06,0.95,0.07,1770417417758,71232.28
0.93,0.06,0.94,0.07,1770417417783,71232.28
0.93,0.05,0.94,0.07,1770417423366,71233.0
0.93,0.05,0.95,0.07,1770417423367,71233.0
0.93,0.06,0.94,0.07,1770417423368,71233.0
0.93,0.05,0.94,0.07,1770417429794,71222.44
0.93,0.05,0.95,0.07,1770417429795,71222.44
0.94,0.05,0.95,0.07,1770417429810,71222.44
0.94,0.05,0.95,0.06,1770417429815,71222.44
0.93,0.05,0.95,0.06,1770417433173,71230.0
0.93,0.05,0.95,0.07,1770417433177,71230.0
0.93,0.05,0.95,0.06,1770417433182,71230.0
0.94,0.05,0.95,0.06,1770417433185,71230.0
0.94,0.06,0.95,0.07,1770417435229,71217.02
0.93,0.06,0.94,0.07,1770417435230,71217.02
0.94,0.06,0.95,0.07,1770417435244,71217.03
0.94,0.05,0.95,0.06,1770417435245,71217.03
0.93,0.05,0.95,0.06,1770417436994,71235.31
0.93,0.05,0.95,0.07,1770417436995,71235.31
0.93,0.06,0.95,0.07,1770417437025,71235.31
0.93,0.06,0.94,0.07,1770417437026,71235.31
0.93,0.05,0.94,0.07,1770417438348,71235.32
0.94,0.05,0.95,0.07,1770417438350,71235.32
0.94,0.05,0.95,0.06,1770417438351,71235.32
0.93,0.05,0.95,0.06,1770417452547,71225.88
0.93,0.05,0.95,0.07,1770417452560,71225.88
0.93,0.06,0.95,0.07,1770417452697,71225.88
0.93,0.06,0.94,0.07,1770417452698,71225.88
0.93,0.05,0.94,0.07,1770417456368,71223.1
0.93,0.05,0.95,0.07,1770417456370,71223.1
0.94,0.05,0.95,0.07,1770417456408,71223.1
0.94,0.05,0.95,0.06,1770417456410,71223.1
0.93,0.05,0.95,0.06,1770417459241,71233.49
0.93,0.05,0.95,0.07,1770417459242,71233.49
0.93,0.06,0.95,0.07,1770417459272,71233.49
0.93,0.06,0.94,0.07,1770417459273,71233.49
0.93,0.05,0.94,0.07,1770417474078,71230.0
0.93,0.05,0.95,0.07,1770417474079,71230.0
0.94,0.05,0.95,0.07,1770417474112,71230.0
0.94,0.05,0.95,0.06,1770417474114,71230.0
0.94,0.05,0.96,0.06,1770417479954,71261.91
0.94,0.04,0.96,0.06,1770417479959,71261.91
0.95,0.04,0.96,0.06,1770417479984,71261.91
0.95,0.04,0.96,0.05,1770417479985,71261.91
0.95,0.03,0.96,0.05,1770417481740,71323.63
0.95,0.03,0.97,0.05,1770417481741,71323.63
0.96,0.03,0.97,0.05,1770417482052,71323.63
0.96,0.03,0.97,0.04,1770417482069,71323.63
0.95,0.03,0.97,0.04,1770417482687,71319.41
0.95,0.03,0.97,0.05,1770417482688,71319.41
0.96,0.03,0.97,0.05,1770417482858,71319.41
0.95,0.03,0.97,0.04,1770417482861,71319.41
0.95,0.03,0.97,0.05,1770417482862,71319.41
0.95,0.03,0.96,0.05,1770417482867,71319.41
0.96,0.04,0.97,0.05,1770417482870,71319.41
0.96,0.03,0.97,0.04,1770417482872,71319.41
0.95,0.03,0.97,0.04,1770417483046,71319.41
0.95,0.03,0.97,0.05,1770417483047,71319.41
0.96,0.03,0.97,0.05,1770417483051,71319.41
0.96,0.03,0.97,0.04,1770417483052,71319.41
0.95,0.03,0.97,0.04,1770417483086,71319.41
0.95,0.03,0.97,0.05,1770417483088,71319.41
0.95,0.04,0.97,0.05,1770417483266,71319.41
0.95,0.04,0.96,0.05,1770417483268,71319.41
0.95,0.03,0.96,0.04,1770417483275,71319.41
0.96,0.03,0.97,0.04,1770417483276,71319.41
0.96,0.02,0.97,0.04,1770417498663,71371.72
0.96,0.02,0.98,0.04,1770417498664,71371.72
0.97,0.02,0.98,0.04,1770417498728,71371.72
0.97,0.02,0.98,0.03,1770417498729,71371.72
0.96,0.02,0.98,0.03,1770417505049,71393.91
0.96,0.02,0.98,0.04,1770417505050,71393.91
0.97,0.02,0.98,0.04,1770417505051,71393.91
0.97,0.02,0.98,0.03,1770417505060,71393.91
0.96,0.02,0.98,0.03,1770417505086,71393.91
0.96,0.03,0.97,0.04,1770417505104,71393.91
0.97,0.03,0.98,0.04,1770417506977,71404.31
0.97,0.02,0.98,0.03,1770417506978,71404.31
0.97,0.02,0.98,0.04,1770417511069,71389.91
0.96,0.02,0.98,0.04,1770417511239,71389.91
0.97,0.02,0.98,0.04,1770417512238,71396.96
0.97,0.02,0.98,0.03,1770417512248,71451.77
0.96,0.02,0.98,0.03,1770417515777,71455.31
0.96,0.02,0.98,0.04,1770417515778,71455.31
0.97,0.02,0.98,0.04,1770417516075,71455.31
0.97,0.02,0.98,0.03,1770417516076,71455.31
0.97,0.03,0.98,0.04,1770417517898,71430.0
0.96,0.03,0.97,0.04,1770417517899,71430.0
0.96,0.03,0.98,0.04,1770417518019,71430.0
0.96,0.02,0.98,0.04,1770417518020,71430.0
0.97,0.02,0.98,0.04,1770417518071,71430.0
0.97,0.02,0.98,0.03,1770417518086,71430.0
0.96,0.02,0.98,0.03,1770417518212,71434.01
0.96,0.02,0.98,0.04,1770417518213,71434.01
0.97,0.02,0.98,0.04,1770417518222,71434.01
0.96,0.02,0.98,0.03,1770417518352,71434.01
0.96,0.02,0.98,0.04,1770417518353,71434.01
0.97,0.02,0.98,0.04,1770417518704,71434.01
0.97,0.02,0.98,0.03,1770417518706,71434.01
0.96,0.02,0.98,0.03,1770417518863,71434.01
0.96,0.02,0.98,0.04,1770417518864,71434.01
0.97,0.02,0.98,0.03,1770417518865,71434.01
0.96,0.02,0.98,0.03,1770417519484,71434.01
0.96,0.02,0.98,0.04,1770417519620,71434.01
0.97,0.02,0.98,0.04,1770417519733,71434.01
0.96,0.02,0.98,0.03,1770417519872,71434.01
0.96,0.02,0.98,0.04,1770417519873,71434.01
0.97,0.02,0.98,0.04,1770417519990,71434.01
0.96,0.02,0.98,0.03,1770417520101,71434.01
0.96,0.02,0.98,0.04,1770417520102,71434.01
0.96,0.02,0.98,0.03,1770417520876,71443.38
0.97,0.02,0.98,0.03,1770417520877,71443.38
0.97,0.01,0.98,0.03,1770417521231,71443.38
0.97,0.01,0.99,0.03,1770417521232,71443.38
0.98,0.01,0.99,0.03,1770417521391,71461.76
0.98,0.01,0.99,0.02,1770417521410,71461.76
0.97,0.01,0.99,0.02,1770417527248,71425.01
0.97,0.01,0.99,0.03,1770417527249,71425.01
0.98,0.01,0.99,0.03,1770417527275,71425.01
0.98,0.01,0.99,0.02,1770417527277,71425.01
0.98,0.02,0.99,0.03,1770417528073,71425.01
0.97,0.02,0.98,0.03,1770417528075,71425.01
0.97,0.01,0.98,0.03,1770417528176,71425.01
0.97,0.01,0.99,0.03,1770417528186,71425.01
0.97,0.02,0.99,0.03,1770417528211,71425.01
0.97,0.01,0.98,0.03,1770417528223,71425.01
0.97,0.01,0.99,0.03,1770417528224,71425.01
0.98,0.01,0.99,0.03,1770417528231,71425.01
0.98,0.01,0.99,0.02,1770417528232,71425.01
0.97,0.01,0.99,0.02,1770417529842,71450.06
0.98,0.01,0.99,0.03,1770417529843,71450.06
0.98,0.01,0.99,0.02,1770417529855,71450.06
0.97,0.01,0.99,0.02,1770417529880,71450.06
0.97,0.02,0.99,0.03,1770417529882,71450.06
0.97,0.02,0.98,0.03,1770417529884,71450.06
0.96,0.02,0.98,0.03,1770417548451,71222.45
0.96,0.02,0.98,0.04,1770417548574,71222.45
0.97,0.02,0.98,0.04,1770417548938,71222.45
0.97,0.02,0.98,0.03,1770417548939,71222.45
0.96,0.02,0.98,0.03,1770417549063,71222.45
0.96,0.02,0.98,0.04,1770417549181,71222.45
0.97,0.02,0.98,0.04,1770417549182,71222.45
0.97,0.02,0.98,0.03,1770417549183,71222.45
0.97,0.02,0.98,0.04,1770417549423,71223.88
0.96,0.02,0.98,0.04,1770417549424,71223.88
0.95,0.02,0.98,0.04,1770417551489,71265.1
0.95,0.02,0.98,0.05,1770417551490,71265.1
0.94,0.02,0.98,0.05,1770417552853,71265.09
0.94,0.02,0.98,0.06,1770417552854,71265.09
0.96,0.02,0.98,0.06,1770417553997,71258.97
0.96,0.02,0.98,0.04,1770417553998,71258.97
0.97,0.02,0.98,0.04,1770417554002,71258.97
0.97,0.02,0.98,0.03,1770417554116,71258.97
0.96,0.02,0.98,0.03,1770417554124,71258.97
0.96,0.02,0.97,0.04,1770417554125,71258.97
0.96,0.03,0.97,0.04,1770417554133,71258.97
0.94,0.03,0.97,0.04,1770417554243,71258.97
0.94,0.03,0.97,0.06,1770417554244,71258.97
0.91,0.03,0.97,0.06,1770417554279,71258.97
0.91,0.03,0.97,0.09,1770417554280,71258.97
0.91,0.03,0.98,0.09,1770417554289,71258.97
0.91,0.02,0.98,0.09,1770417554290,71258.97
0.94,0.02,0.98,0.09,1770417554420,71258.97
0.94,0.02,0.98,0.06,1770417554421,71258.97
0.97,0.02,0.98,0.06,1770417554424,71258.97
0.97,0.02,0.98,0.03,1770417554425,71258.97
0.94,0.02,0.98,0.03,1770417554516,71258.97
0.94,0.02,0.98,0.06,1770417554522,71258.97
0.94,0.03,0.98,0.06,1770417554523,71258.97
0.94,0.03,0.97,0.06,1770417554524,71258.97
0.96,0.03,0.97,0.06,1770417554547,71258.97
0.96,0.03,0.97,0.04,1770417554548,71258.97
0.94,0.03,0.97,0.04,1770417554578,71258.97
0.96,0.03,0.97,0.04,1770417554589,71258.97
0.95,0.03,0.96,0.04,1770417554641,71258.97
0.95,0.03,0.96,0.05,1770417554645,71258.97
0.95,0.03,0.97,0.05,1770417554646,71258.97
0.95,0.02,0.97,0.05,1770417554705,71258.97
0.95,0.02,0.98,0.05,1770417554706,71258.97
0.95,0.02,0.97,0.05,1770417554709,71258.97
0.95,0.03,0.97,0.05,1770417554710,71258.97
0.95,0.04,0.96,0.05,1770417554711,71258.97
0.95,0.04,0.97,0.05,1770417554717,71258.97
0.95,0.03,0.97,0.05,1770417554718,71258.97
0.96,0.03,0.97,0.05,1770417554720,71258.97
0.96,0.03,0.97,0.04,1770417554721,71258.97
0.96,0.03,0.97,0.05,1770417554918,71258.97
0.95,0.03,0.97,0.05,1770417554920,71258.97
0.96,0.03,0.97,0.05,1770417554948,71258.97
0.96,0.03,0.97,0.04,1770417554949,71258.97
0.95,0.03,0.97,0.04,1770417554954,71258.97
0.95,0.03,0.97,0.05,1770417554973,71258.97
0.96,0.03,0.97,0.05,1770417555314,71271.2
0.95,0.03,0.97,0.04,1770417555320,71271.2
0.95,0.03,0.97,0.05,1770417555321,71271.2
0.95,0.04,0.97,0.05,1770417555324,71271.2
0.95,0.04,0.96,0.05,1770417555335,71271.2
0.96,0.04,0.97,0.05,1770417667841,71232.74
0.96,0.03,0.97,0.04,1770417667842,71232.74
0.96,0.03,0.97,0.05,1770417668188,71232.74
0.95,0.03,0.97,0.05,1770417668191,71232.74
0.96,0.03,0.97,0.05,1770417669177,71217.02
0.96,0.03,0.97,0.04,1770417669195,71217.02
0.96,0.03,0.98,0.04,1770417669682,71217.02
0.96,0.02,0.98,0.04,1770417669778,71217.02
0.97,0.02,0.98,0.04,1770417670322,71216.01
0.97,0.02,0.98,0.03,1770417670413,71216.01
0.97,0.01,0.98,0.03,1770417670774,71216.01
0.97,0.01,0.99,0.03,1770417670799,71216.01
0.96,0.01,0.99,0.03,1770417671196,71216.01
0.96,0.01,0.99,0.04,1770417671222,71216.01
0.95,0.01,0.99,0.04,1770417671711,71216.01
0.95,0.01,0.99,0.05,1770417671723,71216.01
0.97,0.01,0.99,0.05,1770417671735,71216.01
0.97,0.01,0.99,0.03,1770417671862,71216.01
0.96,0.01,0.99,0.03,1770417672094,71216.01
0.96,0.01,0.99,0.04,1770417672114,71216.01
0.98,0.01,0.99,0.04,1770417672115,71216.01
0.98,0.01,0.99,0.02,1770417672135,71216.01
0.96,0.01,0.99,0.02,1770417673000,71188.54
0.96,0.01,0.99,0.04,1770417673001,71188.54
0.96,0.03,0.99,0.04,1770417673007,71188.54
0.96,0.03,0.97,0.04,1770417673223,71188.54
0.96,0.01,0.97,0.04,1770417673403,71191.99
0.96,0.01,0.99,0.04,1770417673412,71191.99
0.97,0.01,0.99,0.04,1770417674014,71191.99
0.97,0.01,0.99,0.03,1770417674056,71191.99
0.96,0.01,0.99,0.03,1770417674525,71182.3
0.96,0.01,0.99,0.04,1770417674526,71182.3
0.97,0.01,0.99,0.04,1770417674987,71182.3
0.97,0.01,0.99,0.03,1770417675014,71182.3
0.95,0.01,0.99,0.03,1770417675040,71182.3
0.95,0.01,0.99,0.05,1770417675041,71182.3
0.95,0.01,0.99,0.04,1770417675166,71182.3
0.96,0.01,0.99,0.04,1770417675172,71182.3
0.95,0.01,0.99,0.04,1770417675297,71179.04
0.95,0.01,0.99,0.05,1770417675328,71179.04
0.95,0.01,0.99,0.03,1770417675363,71179.04
0.95,0.01,0.99,0.05,1770417675410,71179.04
0.96,0.01,0.99,0.05,1770417675447,71179.04
0.96,0.01,0.99,0.04,1770417675480,71179.04
0.97,0.01,0.99,0.04,1770417675612,71179.04
0.97,0.01,0.99,0.03,1770417675617,71179.04
0.96,0.01,0.99,0.03,1770417675622,71179.04
0.96,0.01,0.99,0.04,1770417675623,71179.04
0.97,0.01,0.99,0.04,1770417675647,71179.04
0.97,0.01,0.99,0.03,1770417675648,71179.04
0.97,0.04,0.99,0.05,1770417675909,71179.04
0.95,0.04,0.96,0.05,1770417675910,71179.04
0.96,0.04,0.97,0.05,1770417676228,71179.04
0.96,0.03,0.97,0.04,1770417676229,71179.04
0.96,0.02,0.97,0.04,1770417676320,71173.12
0.96,0.02,0.98,0.04,1770417676321,71173.12
0.95,0.02,0.98,0.04,1770417676404,71173.12
0.95,0.02,0.98,0.05,1770417676414,71173.12
0.95,0.02,0.96,0.05,1770417676415,71173.12
0.95,0.04,0.96,0.05,1770417676416,71173.12
0.94,0.04,0.96,0.05,1770417678813,71148.0
0.94,0.04,0.96,0.06,1770417678956,71148.0
0.95,0.04,0.96,0.06,1770417679779,71138.95
0.95,0.04,0.96,0.05,1770417679780,71138.95
0.95,0.03,0.96,0.05,1770417679841,71138.95
0.95,0.03,0.97,0.05,1770417679850,71138.95
0.95,0.02,0.97,0.05,1770417680443,71133.04
0.95,0.02,0.98,0.05,1770417680446,71133.04
0.95,0.02,0.96,0.05,1770417680453,71133.04
0.95,0.01,0.96,0.05,1770417680466,71133.04
0.95,0.01,0.99,0.05,1770417680468,71133.04
0.97,0.01,0.99,0.05,1770417680476,71133.04
0.97,0.01,0.99,0.03,1770417680478,71133.04
0.96,0.01,0.99,0.03,1770417680593,71133.04
0.96,0.01,0.99,0.04,1770417680594,71133.04
0.95,0.01,0.99,0.04,1770417680688,71133.04
0.95,0.01,0.99,0.05,1770417680689,71133.04
0.95,0.01,0.98,0.05,1770417680694,71133.04
0.95,0.03,0.97,0.05,1770417680697,71133.04
0.95,0.04,0.97,0.05,1770417680706,71133.04
0.95,0.04,0.96,0.05,1770417680707,71133.04
0.98,0.04,0.99,0.05,1770417680842,71133.04
0.98,0.01,0.99,0.02,1770417680843,71133.04
0.95,0.01,0.99,0.02,1770417681555,71115.71
0.95,0.01,0.99,0.05,1770417681557,71115.71
0.96,0.01,0.99,0.05,1770417681564,71115.71
0.96,0.01,0.99,0.04,1770417681565,71115.71
0.95,0.01,0.99,0.04,1770417681570,71115.71
0.95,0.01,0.99,0.05,1770417681573,71115.71
0.96,0.01,0.99,0.05,1770417681581,71115.71
0.96,0.01,0.99,0.04,1770417681582,71115.71
0.97,0.01,0.99,0.04,1770417681587,71115.71
0.96,0.01,0.99,0.03,1770417681690,71115.71
0.96,0.01,0.99,0.04,1770417681691,71115.71
0.97,0.01,0.99,0.04,1770417681701,71115.71
0.97,0.02,0.98,0.03,1770417681702,71115.71
0.96,0.02,0.98,0.03,1770417682013,71115.71
0.95,0.02,0.98,0.04,1770417682174,71115.71
0.95,0.02,0.98,0.05,1770417682175,71115.71
0.95,0.04,0.98,0.05,1770417682179,71115.71
0.95,0.04,0.96,0.05,1770417682183,71115.71
0.95,0.02,0.96,0.05,1770417682425,71152.0
0.95,0.02,0.98,0.05,1770417682426,71152.0
0.95,0.04,0.98,0.05,1770417682429,71152.0
0.95,0.04,0.96,0.05,1770417682434,71152.0
0.95,0.02,0.96,0.05,1770417682461,71152.0
0.95,0.02,0.98,0.05,1770417682462,71152.0
0.95,0.04,0.98,0.05,1770417682577,71152.0
0.95,0.04,0.96,0.05,1770417682578,71152.0
0.98,0.04,0.99,0.05,1770417682584,71152.0
0.95,0.01,0.99,0.02,1770417682721,71152.0
0.95,0.01,0.99,0.05,1770417682722,71152.0
0.98,0.01,0.99,0.05,1770417682784,71152.0
0.95,0.01,0.98,0.02,1770417682786,71152.0
0.95,0.02,0.98,0.05,1770417682797,71152.0
0.95,0.04,0.98,0.05,1770417682928,71152.0
0.95,0.04,0.96,0.05,1770417682929,71152.0
0.95,0.04,0.97,0.05,1770417683585,71151.99
0.95,0.03,0.97,0.05,1770417683597,71151.99
0.96,0.03,0.97,0.05,1770417683630,71151.99
0.96,0.03,0.97,0.04,1770417683631,71151.99
0.96,0.03,0.98,0.04,1770417683803,71151.99
0.96,0.02,0.98,0.04,1770417683807,71151.99
0.97,0.02,0.98,0.04,1770417683825,71151.99
0.97,0.02,0.98,0.03,1770417683826,71151.99
0.96,0.02,0.98,0.03,1770417683990,71151.99
0.96,0.02,0.98,0.04,1770417683991,71151.99
0.96,0.02,0.97,0.04,1770417684003,71151.99
0.96,0.03,0.97,0.04,1770417684004,71151.99
0.96,0.03,0.98,0.04,1770417684038,71151.99
0.96,0.02,0.98,0.04,1770417684043,71151.99
0.96,0.03,0.98,0.04,1770417684056,71151.99
0.96,0.03,0.97,0.04,1770417684057,71151.99
0.96,0.02,0.97,0.04,1770417684210,71151.99
0.96,0.02,0.98,0.04,1770417684211,71151.99
0.96,0.03,0.98,0.04,1770417684221,71151.99
0.96,0.03,0.97,0.04,1770417684222,71151.99
0.95,0.03,0.97,0.04,1770417690182,71178.69
0.96,0.03,0.97,0.04,1770417690183,71178.69
0.95,0.03,0.97,0.04,1770417690320,71187.4
0.95,0.03,0.97,0.05,1770417690321,71187.4
0.95,0.04,0.97,0.05,1770417690574,71187.4
0.95,0.04,0.96,0.05,1770417690577,71187.4
0.95,0.03,0.96,0.05,1770417690616,71187.4
0.95,0.03,0.97,0.05,1770417690620,71187.4
0.95,0.03,0.97,0.04,1770417690621,71187.4
0.96,0.03,0.97,0.04,1770417690627,71187.4
0.96,0.02,0.97,0.04,1770417692095,71187.4
0.96,0.02,0.98,0.04,1770417692096,71187.4
0.96,0.02,0.98,0.03,1770417692124,71187.4
0.97,0.02,0.98,0.03,1770417692126,71187.4
0.96,0.02,0.98,0.03,1770417696912,71168.13
0.96,0.02,0.98,0.04,1770417697036,71168.13
0.97,0.02,0.98,0.04,1770417697197,71168.13
0.97,0.02,0.98,0.03,1770417697198,71168.13
0.96,0.02,0.98,0.03,1770417697976,71152.15
0.96,0.02,0.98,0.04,1770417697977,71152.15
0.97,0.02,0.98,0.04,1770417697995,71152.15
0.97,0.02,0.98,0.03,1770417697996,71152.15
0.96,0.02,0.98,0.03,1770417698088,71152.15
0.96,0.02,0.98,0.04,1770417698089,71152.15
0.97,0.02,0.98,0.04,1770417698121,71152.15
0.97,0.02,0.98,0.03,1770417698124,71152.15
0.96,0.02,0.98,0.03,1770417698134,71152.15
0.96,0.02,0.98,0.04,1770417698139,71152.15
0.96,0.03,0.98,0.04,1770417698801,71123.22
0.96,0.03,0.97,0.04,1770417698802,71123.22
0.96,0.03,0.98,0.04,1770417702308,71156.92
0.96,0.02,0.98,0.04,1770417702309,71156.92
0.97,0.02,0.98,0.04,1770417702324,71156.92
0.97,0.02,0.98,0.03,1770417702325,71156.92
0.96,0.02,0.98,0.03,1770417710446,71132.0
0.96,0.02,0.98,0.04,1770417710447,71132.0
0.96,0.02,0.97,0.04,1770417710520,71132.0
0.96,0.03,0.97,0.04,1770417710521,71132.0
0.96,0.03,0.98,0.04,1770417710732,71132.0
0.96,0.02,0.98,0.04,1770417710740,71132.0
0.97,0.02,0.98,0.04,1770417710768,71132.0
0.97,0.02,0.98,0.03,1770417710769,71132.0
0.98,0.02,0.99,0.03,1770417723149,71141.14
0.98,0.01,0.99,0.02,1770417723150,71141.14
0.97,0.01,0.99,0.02,1770417733579,71214.0
0.97,0.01,0.99,0.03,1770417733580,71214.0
0.98,0.01,0.99,0.03,1770417733696,71214.0
0.98,0.01,0.99,0.02,1770417733701,71214.0
0.98,0.02,0.99,0.03,1770417733728,71214.0
0.97,0.02,0.98,0.03,1770417733729,71214.0
0.98,0.02,0.99,0.03,1770417736842,71209.1
0.98,0.01,0.99,0.02,1770417736843,71209.1
0.97,0.01,0.99,0.02,1770417751320,71233.24
0.97,0.01,0.99,0.03,1770417751321,71233.24
0.98,0.01,0.99,0.03,1770417751345,71233.24
0.98,0.01,0.99,0.02,1770417751348,71233.24
0.99,0.01,1.0,0.02,1770417766103,71226.62
0.99,0.0,1.0,0.01,1770417766122,71226.62
0.99,0.002,1.0,0.01,1770417843428,71250.54
0.99,0.002,0.998,0.01,1770417843429,71250.54
0.991,0.002,0.998,0.01,1770417843690,71250.54
0.991,0.002,0.998,0.009,1770417843711,71250.54
0.99,0.002,0.998,0.009,1770417843909,71250.54
0.99,0.002,0.998,0.01,1770417843910,71250.54
0.991,0.002,0.998,0.01,1770417844038,71250.54
0.991,0.002,0.998,0.009,1770417844039,71250.54
0.99,0.002,0.998,0.009,1770417844746,71283.87
0.99,0.002,0.998,0.01,1770417844747,71283.87
0.998,0.002,0.999,0.01,1770417844750,71283.87
0.998,0.001,0.999,0.002,1770417844751,71283.87
0.99,0.001,0.999,0.002,1770417846915,71277.2
0.99,0.001,0.999,0.01,1770417846916,71277.2
0.991,0.001,0.999,0.01,1770417847074,71277.2
0.99,0.001,0.999,0.009,1770417847217,71277.2
0.99,0.001,0.999,0.01,1770417847218,71277.2
0.991,0.001,0.999,0.01,1770417847228,71277.2
0.991,0.001,0.999,0.009,1770417847268,71253.53
0.99,0.001,0.999,0.009,1770417847357,71253.53
0.99,0.001,0.999,0.01,1770417847449,71253.53
0.992,0.001,0.999,0.01,1770417847496,71253.53
0.99,0.001,0.999,0.008,1770417847811,71253.53
0.99,0.001,0.999,0.01,1770417847812,71253.53
0.991,0.001,0.999,0.01,1770417847849,71253.53
0.991,0.001,0.999,0.009,1770417847883,71253.53
0.998,0.001,0.999,0.009,1770417848005,71253.53
0.998,0.001,0.999,0.002,1770417848034,71253.53
0.99,0.001,0.999,0.002,1770417848877,71251.84
0.99,0.001,0.999,0.01,1770417848878,71251.84
0.991,0.001,0.999,0.01,1770417848933,71251.84
0.991,0.001,0.999,0.009,1770417848940,71251.84
0.99,0.001,0.999,0.009,1770417849188,71251.84
0.99,0.001,0.999,0.01,1770417849189,71251.84
0.99,0.002,0.999,0.01,1770417849339,71248.42
0.99,0.002,0.998,0.01,1770417849340,71248.42
0.991,0.002,0.998,0.01,1770417850132,71248.42
0.991,0.002,0.998,0.009,1770417850133,71248.42
0.99,0.002,0.998,0.009,1770417850454,71253.4
0.99,0.002,0.998,0.01,1770417850465,71253.4
0.991,0.002,0.998,0.01,1770417850509,71253.4
0.991,0.002,0.998,0.009,1770417850568,71253.4
0.99,0.002,0.998,0.009,1770417850810,71253.4
0.99,0.002,0.998,0.01,1770417850811,71253.4
0.99,0.003,0.998,0.01,1770417851599,71258.94
0.99,0.003,0.997,0.01,1770417851730,71258.94
0.99,0.002,0.997,0.01,1770417852130,71258.94
0.99,0.002,0.998,0.01,1770417852314,71258.94
0.991,0.002,0.998,0.01,1770417852357,71258.94
0.991,0.002,0.998,0.009,1770417852358,71258.94
0.991,0.004,0.998,0.009,1770417852370,71258.94
0.991,0.004,0.996,0.009,1770417852382,71258.94
0.991,0.002,0.996,0.009,1770417852918,71258.94
0.991,0.002,0.998,0.009,1770417852959,71258.94
0.99,0.002,0.998,0.009,1770417852993,71258.94
0.99,0.002,0.998,0.01,1770417853007,71258.94
0.99,0.005,0.998,0.01,1770417853127,71258.94
0.99,0.005,0.995,0.01,1770417853145,71258.94
0.99,0.002,0.995,0.01,1770417853625,71260.21
0.99,0.002,0.998,0.01,1770417853626,71260.21
0.992,0.002,0.998,0.01,1770417853652,71260.21
0.992,0.002,0.998,0.008,1770417853681,71260.21
0.991,0.002,0.998,0.008,1770417853712,71260.21
0.991,0.002,0.998,0.009,1770417853713,71260.21
0.99,0.002,0.998,0.009,1770417854749,71263.1
0.99,0.002,0.998,0.01,1770417854752,71263.1
0.992,0.002,0.998,0.01,1770417854848,71263.1
0.992,0.002,0.998,0.008,1770417854850,71263.1
0.99,0.002,0.998,0.008,1770417855830,71263.09
0.99,0.002,0.998,0.01,1770417856039,71263.09
0.992,0.002,0.998,0.01,1770417856168,71263.09
0.992,0.002,0.998,0.008,1770417856169,71263.09
0.993,0.002,0.998,0.008,1770417857243,71260.21
0.993,0.002,0.998,0.007,1770417857348,71260.21
0.992,0.002,0.998,0.007,1770417858482,71260.22
0.992,0.002,0.998,0.008,1770417858721,71260.22
0.993,0.002,0.998,0.008,1770417859885,71260.22
0.993,0.002,0.998,0.007,1770417859967,71260.22
0.992,0.002,0.998,0.007,1770417860752,71260.21
0.992,0.002,0.998,0.008,1770417860753,71260.21
0.993,0.002,0.998,0.008,1770417861408,71260.22
0.993,0.002,0.998,0.007,1770417861409,71260.22
0.994,0.002,0.998,0.007,1770417861863,71260.22
0.993,0.002,0.998,0.006,1770417861908,71260.22
0.993,0.002,0.998,0.007,1770417861938,71260.22
0.993,0.001,0.998,0.007,1770417871771,71173.63
0.993,0.001,0.999,0.007,1770417871772,71173.63
0.994,0.001,0.999,0.007,1770417872048,71173.63
0.994,0.001,0.999,0.006,1770417872135,71173.63
0.994,0.002,0.999,0.006,1770417872149,71173.63
0.994,0.002,0.998,0.006,1770417872177,71173.63
0.993,0.002,0.998,0.006,1770417874072,71222.6
0.993,0.002,0.998,0.007,1770417874220,71222.6
0.995,0.002,0.998,0.007,1770417874260,71226.67
0.995,0.002,0.998,0.005,1770417874352,71226.67
0.993,0.002,0.998,0.005,1770417874385,71226.67
0.993,0.002,0.998,0.007,1770417874386,71226.67
0.995,0.002,0.998,0.007,1770417874751,71226.67
0.995,0.002,0.998,0.005,1770417874770,71226.67
0.993,0.002,0.998,0.005,1770417874805,71226.67
0.993,0.002,0.998,0.007,1770417874964,71226.67
0.995,0.002,0.998,0.007,1770417875501,71226.67
0.995,0.002,0.998,0.005,1770417875510,71226.67
0.993,0.002,0.998,0.005,1770417875819,71226.67
0.993,0.002,0.998,0.007,1770417875963,71226.67
0.999,0.002,1.0,0.007,1770417879385,71169.53
0.999,0.0,1.0,0.001,1770417879386,71169.53
0.38,0.61,0.39,0.62,1770417922483,71143.06
0.38,0.6,0.39,0.62,1770417923497,71154.0
0.38,0.6,0.4,0.62,1770417923498,71154.0
0.38,0.6,0.39,0.62,1770417923516,71154.0
0.38,0.61,0.39,0.62,1770417923517,71154.0
0.38,0.6,0.39,0.62,1770417923893,71154.0
0.38,0.6,0.4,0.62,1770417923894,71154.0
0.39,0.6,0.4,0.62,1770417924045,71154.0
0.39,0.6,0.4,0.61,1770417924047,71154.0
0.39,0.58,0.4,0.61,1770417924084,71154.0
0.39,0.58,0.42,0.61,1770417924085,71154.0
0.41,0.58,0.42,0.61,1770417924384,71162.27
0.41,0.58,0.42,0.59,1770417924385,71162.27
0.41,0.57,0.42,0.59,1770417925287,71162.27
0.41,0.57,0.43,0.59,1770417925288,71162.27
0.41,0.58,0.43,0.59,1770417925291,71162.27
0.41,0.58,0.42,0.59,1770417925292,71162.27
0.41,0.57,0.42,0.59,1770417925417,71173.94
0.41,0.57,0.43,0.59,1770417925418,71173.94
0.42,0.57,0.43,0.59,1770417925419,71173.94
0.42,0.57,0.43,0.58,1770417925420,71173.94
0.42,0.56,0.43,0.58,1770417925703,71173.94
0.42,0.56,0.44,0.58,1770417925704,71173.94
0.42,0.57,0.44,0.58,1770417925873,71173.94
0.42,0.57,0.43,0.58,1770417925874,71173.94
0.42,0.56,0.43,0.58,1770417926026,71173.94
0.42,0.56,0.44,0.58,1770417926048,71173.94
0.43,0.56,0.44,0.58,1770417926111,71173.94
0.43,0.56,0.44,0.57,1770417926112,71173.94
0.42,0.56,0.44,0.57,1770417926192,71173.94
0.42,0.56,0.44,0.58,1770417926193,71173.94
0.43,0.56,0.44,0.58,1770417926375,71173.94
0.43,0.56,0.44,0.57,1770417926376,71173.94
0.42,0.56,0.44,0.57,1770417927439,71168.95
0.42,0.56,0.44,0.58,1770417927441,71168.95
0.42,0.57,0.44,0.58,1770417927448,71168.95
0.42,0.57,0.43,0.58,1770417927452,71168.95
0.41,0.57,0.43,0.58,1770417927687,71168.95
0.41,0.57,0.43,0.59,1770417927688,71168.95
0.41,0.58,0.43,0.59,1770417927767,71168.95
0.4,0.58,0.42,0.59,1770417927832,71168.95
0.4,0.58,0.42,0.6,1770417927834,71168.95
0.41,0.58,0.42,0.6,1770417927875,71168.95
0.41,0.58,0.42,0.59,1770417927876,71168.95
0.4,0.58,0.42,0.59,1770417928031,71168.95
0.4,0.58,0.42,0.6,1770417928032,71168.95
0.4,0.59,0.42,0.6,1770417928115,71168.95
0.4,0.59,0.41,0.6,1770417928116,71168.95
0.39,0.59,0.41,0.6,1770417928783,71154.0
0.39,0.59,0.41,0.61,1770417928784,71154.0
0.39,0.6,0.4,0.61,1770417928795,71154.0
0.38,0.6,0.4,0.61,1770417929205,71154.0
0.38,0.6,0.4,0.62,1770417929206,71154.0
0.38,0.61,0.4,0.62,1770417929245,71148.01
0.38,0.61,0.39,0.62,1770417929246,71148.01
0.38,0.6,0.39,0.62,1770417929407,71148.01
0.38,0.6,0.4,0.62,1770417929408,71148.01
0.38,0.61,0.4,0.62,1770417929426,71148.01
0.38,0.61,0.39,0.62,1770417929427,71148.01
0.36,0.61,0.39,0.62,1770417929895,71148.01
0.36,0.61,0.39,0.64,1770417929921,71148.01
0.36,0.62,0.39,0.64,1770417929944,71148.01
0.36,0.62,0.38,0.64,1770417929945,71148.01
0.36,0.63,0.38,0.64,1770417929968,71148.01
0.36,0.63,0.37,0.64,1770417929969,71148.01
0.36,0.62,0.37,0.64,1770417931074,71144.5
0.36,0.62,0.38,0.64,1770417931075,71144.5
0.37,0.62,0.38,0.64,1770417931083,71144.5
0.37,0.62,0.38,0.63,1770417931084,71144.5
0.38,0.62,0.39,0.63,1770417935254,71140.56
0.38,0.61,0.39,0.62,1770417935255,71140.56
0.38,0.6,0.39,0.62,1770417936827,71149.49
0.38,0.6,0.4,0.62,1770417936828,71149.49
0.39,0.6,0.4,0.62,1770417936885,71149.49
0.39,0.6,0.4,0.61,1770417936886,71149.49
0.39,0.61,0.4,0.62,1770417936899,71149.49
0.38,0.61,0.39,0.62,1770417936900,71149.49
0.37,0.61,0.39,0.62,1770417937989,71149.48
0.37,0.61,0.39,0.63,1770417937990,71149.48
0.37,0.62,0.39,0.63,1770417937993,71149.48
0.37,0.62,0.38,0.63,1770417937994,71149.48
0.37,0.62,0.44,0.63,1770417938716,71140.56
0.37,0.56,0.44,0.63,1770417938717,71140.56
0.38,0.56,0.44,0.63,1770417938730,71140.56
0.38,0.56,0.44,0.62,1770417938731,71140.56
0.38,0.57,0.44,0.62,1770417938762,71140.56
0.38,0.57,0.43,0.62,1770417938763,71140.56
0.38,0.6,0.43,0.62,1770417938774,71140.56
0.38,0.6,0.4,0.62,1770417938775,71140.56
0.39,0.6,0.4,0.62,1770417938799,71140.56
0.39,0.6,0.4,0.61,1770417938800,71140.56
0.38,0.6,0.4,0.61,1770417940534,71122.22
0.38,0.6,0.4,0.62,1770417940535,71122.22
0.38,0.61,0.4,0.62,1770417940541,71122.22
0.38,0.61,0.39,0.62,1770417940545,71122.22
0.36,0.61,0.39,0.62,1770417942708,71120.01
0.36,0.61,0.39,0.64,1770417942709,71120.01
0.37,0.61,0.39,0.64,1770417942714,71120.01
0.37,0.61,0.39,0.63,1770417942715,71120.01
0.38,0.61,0.39,0.63,1770417942753,71120.01
0.38,0.61,0.39,0.62,1770417942755,71120.01
0.37,0.61,0.39,0.62,1770417942864,71120.01
0.37,0.61,0.39,0.63,1770417942866,71120.01
0.36,0.61,0.39,0.63,1770417942889,71120.01
0.36,0.61,0.39,0.64,1770417942890,71120.01
0.36,0.62,0.39,0.64,1770417942902,71120.01
0.36,0.62,0.38,0.64,1770417942905,71120.01
0.36,0.63,0.38,0.64,1770417943098,71120.01
0.36,0.63,0.37,0.64,1770417943130,71120.01
0.37,0.63,0.38,0.64,1770417943323,71098.09
0.37,0.62,0.38,0.63,1770417943325,71098.09
0.37,0.63,0.38,0.64,1770417943569,71098.09
0.36,0.63,0.37,0.64,1770417943570,71098.09
0.35,0.63,0.37,0.64,1770417943785,71098.09
0.35,0.63,0.37,0.65,1770417943786,71098.09
0.36,0.63,0.37,0.65,1770417943789,71098.09
0.36,0.63,0.37,0.64,1770417943790,71098.09
0.35,0.63,0.37,0.64,1770417943828,71098.09
0.35,0.63,0.37,0.65,1770417943829,71098.09
0.36,0.63,0.37,0.65,1770417943836,71098.09
0.36,0.63,0.37,0.64,1770417943837,71098.09
0.35,0.63,0.37,0.64,1770417943889,71098.09
0.35,0.63,0.37,0.65,1770417943890,71098.09
0.36,0.63,0.37,0.65,1770417943900,71098.09
0.36,0.63,0.37,0.64,1770417943901,71098.09
0.35,0.63,0.37,0.64,1770417943955,71098.09
0.35,0.63,0.37,0.65,1770417943956,71098.09
0.35,0.64,0.37,0.65,1770417943961,71098.09
0.35,0.64,0.36,0.65,1770417943962,71098.09
0.34,0.64,0.36,0.65,1770417944517,71095.08
0.34,0.64,0.36,0.66,1770417944519,71095.08
0.34,0.64,0.36,0.65,1770417944521,71095.08
0.35,0.64,0.36,0.65,1770417944527,71095.08
0.35,0.64,0.36,0.66,1770417944564,71095.08
0.34,0.64,0.36,0.66,1770417944565,71095.08
0.34,0.65,0.36,0.66,1770417944574,71095.08
0.34,0.65,0.35,0.66,1770417944575,71095.08
0.34,0.64,0.35,0.66,1770417946085,71088.09
0.34,0.64,0.36,0.66,1770417946096,71088.09
0.35,0.64,0.36,0.66,1770417946097,71088.09
0.35,0.64,0.36,0.65,1770417946156,71088.09
0.35,0.63,0.36,0.65,1770417946162,71088.09
0.35,0.63,0.37,0.65,1770417946163,71088.09
0.36,0.63,0.37,0.65,1770417946207,71088.09
0.36,0.63,0.37,0.64,1770417946209,71088.09
0.36,0.62,0.37,0.64,1770417946458,71098.1
0.36,0.62,0.38,0.64,1770417946460,71098.1
0.37,0.62,0.38,0.64,1770417946548,71098.1
0.37,0.62,0.38,0.63,1770417946549,71098.1
0.37,0.61,0.38,0.63,1770417948273,71111.38
0.38,0.61,0.39,0.63,1770417948275,71111.38
0.38,0.61,0.39,0.62,1770417948295,71111.38
0.37,0.61,0.39,0.62,1770417949864,71111.4
0.37,0.61,0.39,0.63,1770417949865,71111.4
0.37,0.62,0.39,0.63,1770417949901,71111.4
0.37,0.62,0.38,0.63,1770417949902,71111.4
0.35,0.62,0.38,0.63,1770417949981,71111.4
0.35,0.62,0.38,0.65,1770417950032,71111.4
0.35,0.63,0.38,0.65,1770417950033,71111.4
0.35,0.63,0.37,0.65,1770417950036,71111.4
0.36,0.63,0.37,0.65,1770417950037,71111.4
0.36,0.63,0.37,0.64,1770417950041,71111.4
0.35,0.63,0.37,0.64,1770417950114,71111.4
0.35,0.63,0.37,0.65,1770417950115,71111.4
0.35,0.62,0.37,0.65,1770417950179,71111.4
0.35,0.62,0.38,0.65,1770417950181,71111.4
0.35,0.64,0.38,0.65,1770417950189,71111.4
0.35,0.64,0.36,0.65,1770417950190,71111.4
0.34,0.64,0.36,0.65,1770417952359,71088.1
0.34,0.65,0.35,0.66,1770417952364,71088.1
0.33,0.65,0.35,0.66,1770417954610,71088.1
0.33,0.65,0.35,0.67,1770417954611,71088.1
0.33,0.66,0.35,0.67,1770417954614,71088.1
0.33,0.66,0.34,0.67,1770417954617,71088.1
0.32,0.66,0.34,0.67,1770417964203,71073.26
0.32,0.66,0.34,0.68,1770417964204,71073.26
0.32,0.67,0.34,0.68,1770417964206,71071.67
0.32,0.67,0.33,0.68,1770417964209,71071.67
0.31,0.67,0.33,0.68,1770417965356,71068.19
0.31,0.67,0.33,0.69,1770417965357,71068.19
0.32,0.67,0.33,0.69,1770417965358,71068.19
0.32,0.67,0.33,0.68,1770417965359,71068.19
0.31,0.67,0.33,0.68,1770417966227,71068.19
0.31,0.67,0.33,0.69,1770417966228,71068.19
0.31,0.68,0.32,0.69,1770417966234,71068.19
0.32,0.68,0.33,0.69,1770417967666,71068.19
0.32,0.67,0.33,0.68,1770417967667,71068.19
0.32,0.66,0.33,0.68,1770417972888,71071.67
0.32,0.66,0.34,0.68,1770417972890,71071.67
0.33,0.66,0.34,0.68,1770417972915,71071.67
0.33,0.66,0.34,0.67,1770417972916,71071.67
0.33,0.65,0.34,0.67,1770417974170,71091.54
0.33,0.65,0.35,0.67,1770417974171,71091.54
0.33,0.66,0.35,0.67,1770417974236,71091.53
0.33,0.66,0.34,0.67,1770417974237,71091.53
0.33,0.65,0.34,0.67,1770417975416,71091.54
0.34,0.65,0.35,0.67,1770417975420,71091.54
0.34,0.65,0.35,0.66,1770417975421,71091.54
0.33,0.65,0.35,0.66,1770417982989,71092.03
0.33,0.65,0.35,0.67,1770417982990,71092.03
0.33,0.66,0.35,0.67,1770417982997,71092.03
0.33,0.66,0.34,0.67,1770417982998,71092.03
0.32,0.66,0.34,0.67,1770417985633,71079.31
0.32,0.66,0.34,0.68,1770417985635,71079.31
0.32,0.67,0.34,0.68,1770417985637,71079.31
0.32,0.67,0.33,0.68,1770417985638,71079.31
0.32,0.66,0.33,0.68,1770417992375,71088.59
0.32,0.66,0.34,0.68,1770417992376,71088.59
0.33,0.66,0.34,0.68,1770417992389,71088.59
0.33,0.66,0.34,0.67,1770417992391,71088.59
0.33,0.65,0.34,0.67,1770417993436,71088.59
0.33,0.65,0.35,0.67,1770417993437,71088.59
0.34,0.65,0.35,0.67,1770417993447,71088.59
0.34,0.65,0.35,0.66,1770417993448,71088.59
0.33,0.65,0.35,0.66,1770417998746,71098.64
0.33,0.65,0.35,0.67,1770417998754,71098.64
0.33,0.66,0.35,0.67,1770417998798,71098.64
0.33,0.66,0.34,0.67,1770417998799,71098.64
0.32,0.66,0.34,0.67,1770417998875,71098.64
0.32,0.66,0.34,0.68,1770417998876,71098.64
0.32,0.67,0.34,0.68,1770417999134,71098.64
0.32,0.67,0.33,0.68,1770417999202,71098.64
0.32,0.66,0.33,0.68,1770418005547,71075.73
0.32,0.66,0.34,0.68,1770418005548,71075.73
0.33,0.66,0.34,0.68,1770418005638,71075.73
0.33,0.66,0.34,0.67,1770418005639,71075.73
0.33,0.65,0.34,0.67,1770418007515,71089.25
0.33,0.65,0.35,0.67,1770418007516,71089.25
0.34,0.65,0.35,0.67,1770418007569,71089.25
0.34,0.65,0.35,0.66,1770418007570,71089.25
0.34,0.64,0.35,0.66,1770418009457,71097.99
0.34,0.64,0.36,0.66,1770418009458,71097.99
0.35,0.64,0.36,0.66,1770418009461,71097.99
0.35,0.64,0.36,0.65,1770418009466,71097.99
0.35,0.63,0.36,0.65,1770418010933,71099.9
0.35,0.63,0.37,0.65,1770418010934,71099.9
0.36,0.63,0.37,0.65,1770418010963,71099.9
0.36,0.63,0.37,0.64,1770418010964,71099.9
0.36,0.62,0.37,0.64,1770418011442,71118.23
0.36,0.62,0.38,0.64,1770418011443,71118.23
0.36,0.63,0.38,0.64,1770418011836,71118.23
0.36,0.62,0.37,0.64,1770418011840,71118.23
0.36,0.62,0.38,0.64,1770418011841,71118.23
0.37,0.62,0.38,0.64,1770418011842,71118.23
0.37,0.62,0.38,0.63,1770418011843,71118.23
0.37,0.61,0.38,0.63,1770418012856,71118.24
0.37,0.61,0.39,0.63,1770418012857,71118.24
0.38,0.61,0.39,0.63,1770418012926,71118.24
0.38,0.61,0.39,0.62,1770418012927,71118.24
0.38,0.6,0.39,0.62,1770418013827,71128.0
0.38,0.6,0.4,0.62,1770418013832,71128.0
0.39,0.6,0.4,0.62,1770418013838,71128.0
0.39,0.6,0.4,0.61,1770418013840,71128.0
0.39,0.59,0.4,0.61,1770418014948,71131.1
0.39,0.59,0.41,0.61,1770418014990,71131.1
0.39,0.6,0.41,0.61,1770418015257,71140.56
0.39,0.6,0.4,0.61,1770418015258,71140.56
0.39,0.59,0.4,0.61,1770418015298,71140.56
0.39,0.59,0.41,0.61,1770418015299,71140.56
0.4,0.59,0.41,0.61,1770418015303,71140.56
0.4,0.59,0.41,0.6,1770418015304,71140.56
0.4,0.58,0.41,0.6,1770418017478,71156.0
0.4,0.58,0.42,0.6,1770418017479,71156.0
0.41,0.58,0.42,0.6,1770418017522,71156.0
0.41,0.58,0.42,0.59,1770418017523,71156.0
0.41,0.57,0.42,0.59,1770418017701,71156.0
0.41,0.57,0.43,0.59,1770418017702,71156.0
0.41,0.58,0.43,0.59,1770418017884,71156.0
0.41,0.58,0.42,0.59,1770418017886,71156.0
0.41,0.57,0.42,0.59,1770418017945,71156.0
0.41,0.57,0.43,0.59,1770418017946,71156.0
0.41,0.56,0.43,0.59,1770418017977,71156.0
0.41,0.56,0.44,0.59,1770418017978,71156.0
0.41,0.56,0.44,0.58,1770418017983,71156.0
0.42,0.56,0.44,0.58,1770418017984,71156.0
0.42,0.56,0.44,0.57,1770418018268,71161.89
0.43,0.56,0.44,0.57,1770418018269,71161.89
0.43,0.55,0.44,0.57,1770418019009,71161.89
0.43,0.55,0.45,0.57,1770418019010,71161.89
0.44,0.55,0.45,0.57,1770418019146,71161.89
0.44,0.55,0.45,0.56,1770418019147,71161.89
0.44,0.54,0.45,0.56,1770418020301,71184.76
0.44,0.54,0.46,0.56,1770418020302,71184.76
0.44,0.53,0.46,0.56,1770418020412,71184.76
0.44,0.53,0.47,0.56,1770418020413,71184.76
0.45,0.53,0.47,0.55,1770418020414,71184.76
0.46,0.53,0.47,0.55,1770418020557,71184.76
0.46,0.53,0.47,0.54,1770418020677,71184.76
0.46,0.52,0.47,0.54,1770418021372,71199.98
0.46,0.52,0.48,0.54,1770418021375,71199.98
0.47,0.52,0.48,0.54,1770418021380,71199.98
0.47,0.52,0.48,0.53,1770418021382,71199.98
0.47,0.51,0.48,0.53,1770418021703,71199.98
0.47,0.51,0.49,0.53,1770418021704,71199.98
0.46,0.51,0.47,0.53,1770418021767,71199.98
0.46,0.53,0.47,0.54,1770418021769,71199.98
0.46,0.51,0.47,0.54,1770418022139,71199.98
0.47,0.51,0.49,0.53,1770418022142,71199.98
0.48,0.51,0.49,0.53,1770418022454,71182.3
0.48,0.51,0.49,0.52,1770418022455,71182.3
0.47,0.51,0.49,0.52,1770418022642,71182.3
0.47,0.51,0.49,0.53,1770418022643,71182.3
0.48,0.51,0.49,0.53,1770418022719,71182.3
0.48,0.51,0.49,0.52,1770418022720,71182.3
0.48,0.52,0.49,0.53,1770418022724,71182.3
0.47,0.52,0.48,0.53,1770418022725,71182.3
0.46,0.52,0.48,0.53,1770418023393,71177.19
0.46,0.52,0.48,0.54,1770418023394,71177.19
0.46,0.53,0.47,0.54,1770418023396,71177.19
0.45,0.53,0.47,0.54,1770418025571,71171.1
0.45,0.53,0.47,0.55,1770418025572,71171.1
0.45,0.54,0.47,0.55,1770418025608,71171.1
0.45,0.54,0.46,0.55,1770418025609,71171.1
0.44,0.54,0.46,0.55,1770418026361,71157.27
0.44,0.54,0.46,0.56,1770418026362,71157.27
0.43,0.54,0.46,0.56,1770418026548,71157.27
0.43,0.54,0.46,0.57,1770418026549,71157.27
0.44,0.54,0.46,0.57,1770418026551,71157.27
0.43,0.54,0.46,0.56,1770418026625,71157.27
0.43,0.54,0.46,0.57,1770418026626,71157.27
0.43,0.54,0.45,0.57,1770418026630,71157.27
0.43,0.55,0.45,0.57,1770418026634,71157.27
0.43,0.56,0.45,0.57,1770418026646,71157.27
0.43,0.56,0.44,0.57,1770418026678,71157.27
0.43,0.55,0.44,0.57,1770418027901,71177.19
0.43,0.55,0.45,0.57,1770418027902,71177.19
0.44,0.55,0.45,0.56,1770418027916,71177.19
0.45,0.55,0.46,0.56,1770418028406,71198.0
0.45,0.54,0.46,0.55,1770418028407,71198.0
0.45,0.53,0.46,0.55,1770418029075,71198.0
0.45,0.53,0.47,0.55,1770418029076,71198.0
0.46,0.53,0.47,0.55,1770418029151,71198.0
0.46,0.53,0.47,0.54,1770418029152,71198.0
0.47,0.53,0.48,0.54,1770418029583,71204.96
0.47,0.52,0.48,0.53,1770418029586,71204.96
0.48,0.52,0.49,0.53,1770418030044,71204.96
0.48,0.51,0.49,0.52,1770418030076,71204.96
0.48,0.5,0.49,0.52,1770418030415,71196.0
0.48,0.5,0.5,0.52,1770418030416,71196.0
0.49,0.5,0.5,0.52,1770418030452,71196.0
0.49,0.5,0.5,0.51,1770418030453,71196.0
0.47,0.5,0.5,0.51,1770418030534,71196.0
0.47,0.5,0.5,0.53,1770418030535,71196.0
0.47,0.51,0.5,0.53,1770418030651,71196.0
0.47,0.51,0.49,0.53,1770418030652,71196.0
0.48,0.51,0.49,0.53,1770418030683,71196.0
0.48,0.51,0.49,0.52,1770418030684,71196.0
0.47,0.51,0.49,0.52,1770418030724,71196.0
0.47,0.51,0.49,0.53,1770418030725,71196.0
0.47,0.52,0.49,0.53,1770418030726,71196.0
0.47,0.52,0.48,0.53,1770418030727,71196.0
0.47,0.51,0.48,0.53,1770418030846,71196.0
0.47,0.51,0.49,0.53,1770418030847,71196.0
0.47,0.52,0.49,0.53,1770418030888,71196.0
0.47,0.52,0.48,0.53,1770418030889,71196.0
0.48,0.52,0.49,0.53,1770418031255,71217.81
0.48,0.51,0.49,0.52,1770418031256,71217.81
0.48,0.5,0.49,0.52,1770418032185,71217.81
0.48,0.5,0.5,0.52,1770418032189,71217.81
0.49,0.5,0.5,0.52,1770418032239,71222.86
0.49,0.5,0.5,0.51,1770418032241,71222.86
0.48,0.5,0.5,0.51,1770418032251,71222.86
0.48,0.5,0.5,0.52,1770418032258,71222.86
0.49,0.5,0.5,0.52,1770418032336,71222.86
0.49,0.5,0.5,0.51,1770418032449,71222.86
0.48,0.5,0.5,0.51,1770418032493,71222.86
0.48,0.5,0.5,0.52,1770418032494,71222.86
0.49,0.5,0.5,0.52,1770418033049,71222.86
0.49,0.5,0.5,0.51,1770418033050,71222.86
0.48,0.5,0.5,0.51,1770418033073,71222.86
0.48,0.5,0.5,0.52,1770418033074,71222.86
0.49,0.5,0.5,0.52,1770418033083,71222.86
0.49,0.5,0.5,0.51,1770418033085,71222.86
0.49,0.49,0.5,0.51,1770418033463,71232.76
0.49,0.49,0.51,0.51,1770418033464,71232.76
0.5,0.49,0.51,0.51,1770418033473,71232.76
0.5,0.49,0.51,0.5,1770418033474,71232.76
0.5,0.47,0.51,0.5,1770418034379,71225.16
0.5,0.49,0.51,0.5,1770418034380,71225.16
0.52,0.49,0.53,0.5,1770418034393,71225.16
0.52,0.47,0.53,0.48,1770418034395,71225.16
0.51,0.47,0.53,0.48,1770418035595,71223.35
0.51,0.47,0.53,0.49,1770418035597,71223.35
0.51,0.48,0.53,0.49,1770418035605,71223.35
0.51,0.48,0.52,0.49,1770418035608,71223.35
0.51,0.47,0.52,0.49,1770418039332,71216.0
0.51,0.47,0.53,0.49,1770418039333,71216.0
0.51,0.47,0.53,0.48,1770418039349,71216.0
0.52,0.47,0.53,0.48,1770418039352,71216.0
0.51,0.47,0.53,0.48,1770418044535,71222.78
0.51,0.47,0.53,0.49,1770418044536,71222.78
0.51,0.48,0.53,0.49,1770418044548,71222.78
0.51,0.48,0.52,0.49,1770418044551,71222.78
0.51,0.47,0.52,0.49,1770418044560,71222.78
0.51,0.47,0.53,0.49,1770418044561,71222.78
0.51,0.48,0.53,0.49,1770418044562,71222.78
0.51,0.48,0.52,0.49,1770418044564,71222.78
0.51,0.47,0.52,0.49,1770418049995,71222.78
0.51,0.47,0.53,0.49,1770418049996,71222.78
0.52,0.47,0.53,0.48,1770418049997,71222.78
0.52,0.46,0.53,0.48,1770418050208,71222.78
0.52,0.46,0.54,0.48,1770418050209,71222.78
0.53,0.46,0.54,0.48,1770418050363,71233.25
0.53,0.46,0.54,0.47,1770418050368,71233.25
0.53,0.45,0.54,0.47,1770418057337,71238.0
0.53,0.45,0.55,0.47,1770418057338,71238.0
0.54,0.45,0.55,0.47,1770418057342,71238.0
0.54,0.45,0.55,0.46,1770418057343,71238.0
0.53,0.45,0.55,0.46,1770418059977,71236.05
0.53,0.45,0.55,0.47,1770418059978,71236.05
0.53,0.46,0.55,0.47,1770418059983,71236.05
0.53,0.46,0.54,0.47,1770418059986,71236.05
0.54,0.46,0.55,0.47,1770418063991,71237.05
0.54,0.45,0.55,0.46,1770418063992,71237.05
0.53,0.45,0.55,0.46,1770418065596,71239.7
0.53,0.45,0.55,0.47,1770418065597,71239.7
0.53,0.46,0.55,0.47,1770418065618,71239.7
0.53,0.46,0.54,0.47,1770418065619,71239.7
0.53,0.45,0.54,0.47,1770418068330,71241.39
0.53,0.45,0.55,0.47,1770418068331,71241.39
0.54,0.45,0.55,0.47,1770418068337,71241.39
0.54,0.45,0.55,0.46,1770418068338,71241.39
0.54,0.44,0.55,0.46,1770418069233,71241.39
0.54,0.44,0.56,0.46,1770418069234,71241.39
0.54,0.43,0.56,0.46,1770418069253,71241.39
0.54,0.43,0.57,0.46,1770418069259,71241.39
0.55,0.43,0.57,0.46,1770418069264,71245.99
0.55,0.43,0.57,0.45,1770418069265,71245.99
0.55,0.44,0.57,0.45,1770418069276,71245.99
0.55,0.44,0.56,0.45,1770418069277,71245.99
0.53,0.44,0.56,0.45,1770418070911,71246.0
0.53,0.44,0.56,0.47,1770418070912,71246.0
0.55,0.44,0.56,0.47,1770418070918,71246.0
0.55,0.44,0.56,0.45,1770418070919,71246.0
0.53,0.44,0.56,0.45,1770418071082,71246.0
0.53,0.44,0.56,0.47,1770418071083,71246.0
0.53,0.46,0.56,0.47,1770418071088,71246.0
0.53,0.46,0.54,0.47,1770418071089,71246.0
0.53,0.45,0.54,0.47,1770418073278,71240.81
0.54,0.45,0.55,0.47,1770418073279,71240.81
0.54,0.45,0.55,0.46,1770418073280,71240.81
0.53,0.45,0.55,0.46,1770418075978,71240.82
0.53,0.45,0.55,0.47,1770418075979,71240.82
0.54,0.45,0.55,0.47,1770418075984,71240.82
0.54,0.45,0.55,0.46,1770418075986,71240.82
0.53,0.45,0.55,0.46,1770418076328,71239.69
0.53,0.45,0.55,0.47,1770418076329,71239.69
0.53,0.46,0.55,0.47,1770418076338,71239.69
0.53,0.46,0.54,0.47,1770418076341,71239.69
0.52,0.46,0.54,0.47,1770418079631,71240.82
0.52,0.46,0.54,0.48,1770418079632,71240.82
0.52,0.47,0.54,0.48,1770418079643,71240.82
0.52,0.47,0.53,0.48,1770418079655,71240.82
0.52,0.46,0.53,0.48,1770418082423,71238.13
0.52,0.46,0.54,0.48,1770418082424,71238.13
0.53,0.46,0.54,0.48,1770418082444,71238.13
0.53,0.46,0.54,0.47,1770418082445,71238.13
0.53,0.45,0.54,0.47,1770418083758,71239.4
0.53,0.45,0.55,0.47,1770418083759,71239.4
0.54,0.45,0.55,0.47,1770418083761,71239.4
0.54,0.45,0.55,0.46,1770418083769,71239.4
0.53,0.45,0.55,0.46,1770418088766,71240.61
0.54,0.45,0.55,0.47,1770418088768,71240.61
0.54,0.45,0.55,0.46,1770418088769,71240.61
0.53,0.45,0.55,0.46,1770418088912,71240.61
0.53,0.45,0.55,0.47,1770418088913,71240.61
0.54,0.45,0.55,0.47,1770418088980,71240.61
0.54,0.45,0.55,0.46,1770418088991,71240.61
0.53,0.45,0.55,0.46,1770418089061,71240.61
0.53,0.45,0.55,0.47,1770418089062,71240.61
0.53,0.46,0.55,0.47,1770418089122,71240.61
0.53,0.46,0.54,0.47,1770418089124,71240.61
0.53,0.45,0.54,0.47,1770418090769,71270.36
0.53,0.45,0.55,0.47,1770418090788,71270.36
0.53,0.44,0.55,0.47,1770418090818,71270.36
0.53,0.44,0.56,0.47,1770418090820,71270.36
0.55,0.44,0.56,0.47,1770418090844,71270.36
0.55,0.44,0.56,0.45,1770418090845,71270.36
0.55,0.43,0.56,0.45,1770418091337,71292.01
0.55,0.43,0.57,0.45,1770418091338,71292.01
0.56,0.43,0.57,0.45,1770418091433,71292.01
0.56,0.43,0.57,0.44,1770418091435,71292.01
0.57,0.43,0.58,0.44,1770418091542,71292.01
0.57,0.42,0.58,0.43,1770418091543,71292.01
0.57,0.41,0.58,0.43,1770418092395,71317.89
0.57,0.41,0.59,0.43,1770418092396,71317.89
0.59,0.41,0.6,0.43,1770418092448,71317.89
0.59,0.4,0.6,0.41,1770418092460,71317.89
0.59,0.39,0.6,0.4,1770418092686,71317.89
0.6,0.39,0.61,0.4,1770418092688,71317.89
0.6,0.38,0.61,0.39,1770418092820,71317.89
0.61,0.38,0.62,0.39,1770418092821,71317.89
0.61,0.38,0.62,0.41,1770418093537,71318.57
0.59,0.38,0.62,0.41,1770418093538,71318.57
0.59,0.39,0.62,0.41,1770418093699,71318.57
0.59,0.39,0.61,0.41,1770418093700,71318.57
0.59,0.38,0.61,0.41,1770418093717,71318.57
0.59,0.38,0.62,0.41,1770418093718,71318.57
0.61,0.38,0.62,0.41,1770418094280,71318.57
0.61,0.38,0.62,0.39,1770418094281,71318.57
0.61,0.37,0.62,0.39,1770418094297,71318.57
0.61,0.37,0.63,0.39,1770418094299,71318.57
0.62,0.37,0.63,0.39,1770418094313,71318.57
0.62,0.37,0.63,0.38,1770418094314,71318.57
0.6,0.37,0.63,0.38,1770418094907,71318.57
0.6,0.37,0.63,0.4,1770418094908,71318.57
0.61,0.37,0.63,0.4,1770418094911,71318.57
0.61,0.37,0.63,0.39,1770418094915,71318.57
0.61,0.38,0.62,0.39,1770418094916,71318.57
0.61,0.38,0.63,0.39,1770418095061,71318.57
0.61,0.37,0.63,0.39,1770418095062,71318.57
0.61,0.38,0.63,0.39,1770418095167,71318.57
0.61,0.38,0.62,0.39,1770418095168,71318.57
0.61,0.35,0.62,0.39,1770418095182,71318.57
0.61,0.35,0.65,0.39,1770418095184,71318.57
0.61,0.36,0.65,0.39,1770418095222,71318.57
0.61,0.35,0.64,0.39,1770418095234,71318.57
0.61,0.35,0.65,0.39,1770418095235,71318.57
0.64,0.35,0.65,0.39,1770418095300,71320.99
0.64,0.35,0.65,0.36,1770418095301,71320.99
0.61,0.35,0.65,0.36,1770418095526,71320.99
0.61,0.35,0.65,0.39,1770418095527,71320.99
0.61,0.36,0.65,0.39,1770418095553,71320.99
0.61,0.36,0.64,0.39,1770418095554,71320.99
0.62,0.36,0.64,0.39,1770418095596,71320.99
0.62,0.36,0.64,0.38,1770418095597,71320.99
0.62,0.35,0.64,0.38,1770418095609,71320.99
0.62,0.35,0.65,0.38,1770418095610,71320.99
0.63,0.35,0.65,0.38,1770418095892,71320.99
0.64,0.35,0.65,0.36,1770418095893,71320.99
0.63,0.36,0.64,0.37,1770418095894,71320.99
0.64,0.36,0.65,0.37,1770418095948,71320.99
0.64,0.35,0.65,0.36,1770418095949,71320.99
0.64,0.34,0.65,0.36,1770418096184,71320.99
0.64,0.34,0.66,0.36,1770418096185,71320.99
0.64,0.34,0.67,0.36,1770418096331,71324.83
0.64,0.33,0.67,0.36,1770418096332,71324.83
0.64,0.33,0.67,0.35,1770418096431,71324.83
0.65,0.33,0.67,0.35,1770418096433,71324.83
0.66,0.33,0.67,0.35,1770418096578,71324.83
0.66,0.33,0.67,0.34,1770418096579,71324.83
0.66,0.35,0.67,0.36,1770418097280,71324.82
0.64,0.35,0.65,0.36,1770418097281,71324.82
0.64,0.34,0.65,0.36,1770418097946,71324.82
0.64,0.34,0.66,0.36,1770418097947,71324.82
0.64,0.35,0.66,0.36,1770418098044,71324.82
0.64,0.35,0.65,0.36,1770418098046,71324.82
0.64,0.35,0.66,0.36,1770418098142,71324.82
0.64,0.34,0.66,0.36,1770418098143,71324.82
0.65,0.34,0.66,0.36,1770418098148,71324.82
0.65,0.34,0.66,0.35,1770418098149,71324.82
0.65,0.34,0.67,0.35,1770418099710,71324.83
0.65,0.33,0.67,0.35,1770418099711,71324.83
0.66,0.33,0.67,0.35,1770418099721,71324.83
0.66,0.33,0.67,0.34,1770418099722,71324.83
0.66,0.33,0.68,0.34,1770418100810,71325.89
0.66,0.32,0.68,0.34,1770418100811,71325.89
0.67,0.32,0.68,0.34,1770418100823,71325.89
0.67,0.32,0.68,0.33,1770418100824,71325.89
0.67,0.31,0.68,0.33,1770418102238,71330.0
0.67,0.31,0.69,0.33,1770418102239,71330.0
0.68,0.31,0.69,0.33,1770418102249,71330.0
0.68,0.31,0.69,0.32,1770418102250,71330.0
0.68,0.31,0.7,0.32,1770418103274,71339.99
0.68,0.3,0.7,0.32,1770418103275,71339.99
0.69,0.3,0.7,0.31,1770418103276,71339.99
0.69,0.29,0.7,0.31,1770418104553,71365.69
0.69,0.29,0.71,0.31,1770418104555,71365.69
0.71,0.29,0.72,0.31,1770418104784,71365.69
0.71,0.28,0.72,0.29,1770418104785,71365.69
0.71,0.27,0.72,0.29,1770418106593,71375.68
0.71,0.27,0.73,0.29,1770418106594,71375.68
0.72,0.27,0.73,0.29,1770418106622,71375.68
0.72,0.27,0.73,0.28,1770418106623,71375.68
0.72,0.26,0.73,0.28,1770418106682,71375.68
0.72,0.26,0.74,0.28,1770418106683,71375.68
0.72,0.26,0.73,0.28,1770418106968,71375.68
0.72,0.27,0.73,0.28,1770418106970,71375.68
0.72,0.28,0.73,0.29,1770418107535,71375.69
0.71,0.28,0.72,0.29,1770418107536,71375.69
0.68,0.28,0.72,0.29,1770418111673,71350.16
0.68,0.28,0.72,0.32,1770418111674,71350.16
0.68,0.29,0.72,0.32,1770418111706,71350.16
0.68,0.29,0.71,0.32,1770418111707,71350.16
0.68,0.3,0.71,0.32,1770418111863,71350.16
0.68,0.3,0.7,0.32,1770418111865,71350.16
0.68,0.31,0.7,0.32,1770418111877,71350.16
0.68,0.31,0.69,0.32,1770418111878,71350.16
0.67,0.31,0.69,0.32,1770418113152,71338.0
0.67,0.31,0.69,0.33,1770418113153,71338.0
0.68,0.31,0.69,0.33,1770418113168,71338.0
0.68,0.31,0.69,0.32,1770418113169,71338.0
0.68,0.3,0.69,0.32,1770418114541,71348.01
0.68,0.3,0.7,0.32,1770418114542,71348.01
0.69,0.3,0.7,0.32,1770418114549,71348.01
0.69,0.3,0.7,0.31,1770418114550,71348.01
0.69,0.3,0.71,0.31,1770418115285,71354.0
0.69,0.29,0.71,0.31,1770418115286,71354.0
0.7,0.29,0.71,0.3,1770418115287,71354.0
0.71,0.29,0.72,0.3,1770418115918,71354.0
0.71,0.28,0.72,0.29,1770418115919,71354.0
0.71,0.27,0.72,0.29,1770418117617,71392.75
0.71,0.27,0.73,0.29,1770418117618,71392.75
0.72,0.27,0.73,0.29,1770418117631,71392.75
0.72,0.27,0.73,0.28,1770418117632,71392.75
0.73,0.27,0.74,0.28,1770418117736,71392.75
0.73,0.26,0.74,0.27,1770418117737,71392.75
0.73,0.25,0.74,0.27,1770418117903,71392.75
0.73,0.25,0.75,0.27,1770418117904,71392.75
0.74,0.25,0.75,0.27,1770418117925,71392.75
0.74,0.25,0.75,0.26,1770418117926,71392.75
0.73,0.25,0.75,0.26,1770418118022,71392.75
0.73,0.26,0.75,0.27,1770418118023,71392.75
0.73,0.26,0.74,0.27,1770418118025,71392.75
0.73,0.25,0.74,0.27,1770418118160,71392.75
0.73,0.25,0.75,0.27,1770418118161,71392.75
0.74,0.25,0.75,0.27,1770418118382,71399.99
0.74,0.25,0.75,0.26,1770418118384,71399.99
0.73,0.25,0.75,0.26,1770418118476,71399.99
0.73,0.25,0.75,0.27,1770418118477,71399.99
0.73,0.26,0.75,0.27,1770418118952,71399.99
0.73,0.26,0.74,0.27,1770418118954,71399.99
0.74,0.26,0.75,0.27,1770418118969,71399.99
0.74,0.25,0.75,0.26,1770418118973,71399.99
0.75,0.25,0.76,0.26,1770418119313,71424.04
0.75,0.24,0.76,0.25,1770418119314,71424.04
0.76,0.24,0.77,0.25,1770418119653,71424.04
0.76,0.23,0.77,0.24,1770418119726,71424.04
0.77,0.23,0.78,0.24,1770418120106,71424.04
0.77,0.22,0.78,0.23,1770418120107,71424.04
0.76,0.22,0.78,0.23,1770418121767,71433.4
0.76,0.22,0.78,0.24,1770418121768,71433.4
0.77,0.22,0.78,0.24,1770418121771,71433.4
0.77,0.22,0.78,0.23,1770418121780,71433.4
0.76,0.22,0.78,0.23,1770418122051,71433.4
0.76,0.22,0.78,0.24,1770418122052,71433.4
0.77,0.22,0.78,0.24,1770418122198,71433.4
0.77,0.22,0.78,0.23,1770418122204,71433.4
0.76,0.22,0.78,0.23,1770418122259,71401.45
0.76,0.22,0.78,0.24,1770418122260,71401.45
0.77,0.22,0.78,0.24,1770418122261,71401.45
0.77,0.22,0.78,0.23,1770418122262,71401.45
0.77,0.21,0.78,0.23,1770418122830,71401.45
0.77,0.21,0.79,0.23,1770418122831,71401.45
0.77,0.22,0.79,0.23,1770418122854,71401.45
0.77,0.22,0.78,0.23,1770418122855,71401.45
0.77,0.21,0.78,0.23,1770418122878,71401.45
0.77,0.21,0.79,0.23,1770418122879,71401.45
0.77,0.22,0.79,0.23,1770418122896,71401.45
0.77,0.22,0.78,0.23,1770418122897,71401.45
0.77,0.22,0.79,0.23,1770418122955,71401.45
0.77,0.21,0.79,0.23,1770418122956,71401.45
0.77,0.22,0.79,0.23,1770418122982,71401.45
0.77,0.22,0.78,0.23,1770418122983,71401.45
0.77,0.23,0.78,0.24,1770418124240,71434.25
0.76,0.23,0.77,0.24,1770418124241,71434.25
0.77,0.23,0.78,0.24,1770418125522,71442.28
0.77,0.22,0.78,0.23,1770418125525,71442.28
0.78,0.22,0.79,0.23,1770418125831,71442.28
0.78,0.21,0.79,0.22,1770418125832,71442.28
0.78,0.2,0.79,0.22,1770418126145,71442.28
0.78,0.2,0.8,0.22,1770418126146,71442.28
0.79,0.2,0.8,0.22,1770418126461,71442.27
0.79,0.2,0.8,0.21,1770418126462,71442.27
0.79,0.21,0.8,0.22,1770418126662,71442.27
0.78,0.21,0.79,0.22,1770418126664,71442.27
0.78,0.2,0.79,0.22,1770418128017,71434.74
0.78,0.2,0.8,0.22,1770418128019,71434.74
0.78,0.21,0.8,0.22,1770418128025,71434.74
0.78,0.21,0.79,0.22,1770418128026,71434.74
0.78,0.2,0.79,0.22,1770418128048,71434.74
0.78,0.2,0.8,0.22,1770418128049,71434.74
0.78,0.21,0.8,0.22,1770418128061,71434.74
0.78,0.2,0.79,0.22,1770418128065,71434.74
0.78,0.2,0.8,0.22,1770418128077,71434.74
0.79,0.2,0.8,0.22,1770418128086,71434.74
0.79,0.2,0.8,0.21,1770418128087,71434.74
0.79,0.21,0.8,0.22,1770418128093,71434.74
0.78,0.21,0.79,0.22,1770418128094,71434.74
0.78,0.2,0.79,0.22,1770418128161,71434.74
0.78,0.2,0.8,0.22,1770418128162,71434.74
0.78,0.2,0.8,0.21,1770418128180,71434.74
0.79,0.2,0.8,0.21,1770418128181,71434.74
0.78,0.2,0.8,0.21,1770418135090,71430.98
0.78,0.2,0.8,0.22,1770418135091,71430.98
0.78,0.21,0.79,0.22,1770418135092,71430.98
0.77,0.21,0.79,0.22,1770418137588,71418.18
0.77,0.21,0.79,0.23,1770418137589,71418.18
0.78,0.21,0.79,0.23,1770418137598,71418.18
0.78,0.21,0.79,0.22,1770418137600,71418.18
0.77,0.21,0.79,0.22,1770418137643,71418.18
0.77,0.21,0.79,0.23,1770418137644,71418.18
0.78,0.21,0.79,0.23,1770418137648,71418.18
0.78,0.21,0.79,0.22,1770418137650,71418.18
0.77,0.21,0.79,0.22,1770418137775,71418.18
0.77,0.21,0.79,0.23,1770418137776,71418.18
0.77,0.22,0.79,0.23,1770418137817,71418.18
0.77,0.22,0.78,0.23,1770418137818,71418.18
0.76,0.22,0.78,0.23,1770418138213,71418.18
0.76,0.22,0.78,0.24,1770418138237,71418.18
0.76,0.23,0.78,0.24,1770418138251,71418.18
0.76,0.23,0.77,0.24,1770418138253,71418.18
0.75,0.23,0.77,0.24,1770418138711,71405.58
0.75,0.23,0.77,0.25,1770418138712,71405.58
0.75,0.24,0.77,0.25,1770418138721,71405.58
0.75,0.24,0.76,0.25,1770418138722,71405.58
0.76,0.24,0.77,0.25,1770418145551,71408.65
0.76,0.23,0.77,0.24,1770418145552,71408.65
0.73,0.23,0.77,0.24,1770418151393,71397.97
0.73,0.23,0.77,0.27,1770418151394,71397.97
0.74,0.23,0.77,0.27,1770418151403,71397.97
0.76,0.23,0.77,0.24,1770418151405,71397.97
0.74,0.23,0.77,0.24,1770418151579,71397.97
0.74,0.23,0.77,0.26,1770418151581,71397.97
0.74,0.25,0.77,0.26,1770418151633,71397.97
0.74,0.25,0.75,0.26,1770418151635,71397.97
0.74,0.26,0.75,0.27,1770418152813,71388.01
0.73,0.26,0.74,0.27,1770418152814,71388.01
0.73,0.27,0.74,0.28,1770418152892,71388.01
0.72,0.27,0.73,0.28,1770418152893,71388.01
0.72,0.29,0.73,0.3,1770418154498,71332.97
0.7,0.29,0.71,0.3,1770418154500,71332.97
0.7,0.3,0.71,0.31,1770418154535,71332.97
0.69,0.3,0.7,0.31,1770418154536,71332.97
0.69,0.31,0.7,0.32,1770418154982,71332.97
0.68,0.31,0.69,0.32,1770418154984,71332.97
0.68,0.32,0.69,0.33,1770418155407,71344.49
0.67,0.32,0.68,0.33,1770418155408,71344.49
0.67,0.31,0.68,0.33,1770418155913,71344.49
0.67,0.31,0.69,0.33,1770418155914,71344.49
0.66,0.31,0.69,0.33,1770418155994,71344.49
0.66,0.31,0.69,0.34,1770418155996,71344.49
0.68,0.31,0.69,0.34,1770418155997,71344.49
0.68,0.31,0.69,0.32,1770418155998,71344.49
0.68,0.34,0.69,0.35,1770418156107,71344.49
0.65,0.34,0.66,0.35,1770418156108,71344.49
0.65,0.35,0.66,0.36,1770418156193,71344.49
0.64,0.35,0.65,0.36,1770418156198,71344.49
0.64,0.34,0.65,0.36,1770418156829,71354.01
0.64,0.34,0.66,0.36,1770418156830,71354.01
0.64,0.35,0.66,0.36,1770418156953,71354.01
0.64,0.35,0.65,0.36,1770418156954,71354.01
0.64,0.34,0.65,0.36,1770418156965,71354.01
0.64,0.34,0.66,0.36,1770418156971,71354.01
0.65,0.34,0.66,0.36,1770418157010,71354.01
0.65,0.34,0.66,0.35,1770418157011,71354.01
0.65,0.34,0.68,0.35,1770418157092,71354.01
0.65,0.32,0.68,0.35,1770418157093,71354.01
0.65,0.31,0.68,0.35,1770418157134,71354.01
0.65,0.31,0.69,0.35,1770418157135,71354.01
0.68,0.31,0.69,0.35,1770418157141,71354.01
0.68,0.31,0.69,0.32,1770418157215,71354.01
0.68,0.32,0.69,0.35,1770418157391,71357.82
0.65,0.32,0.68,0.35,1770418157392,71357.82
0.65,0.31,0.68,0.35,1770418157421,71357.82
0.65,0.31,0.69,0.35,1770418157422,71357.82
0.65,0.33,0.69,0.35,1770418157424,71357.82
0.65,0.33,0.67,0.35,1770418157425,71357.82
0.65,0.32,0.67,0.35,1770418157451,71357.82
0.65,0.32,0.68,0.35,1770418157453,71357.82
0.65,0.34,0.68,0.35,1770418157455,71357.82
0.65,0.34,0.66,0.35,1770418157456,71357.82
0.65,0.32,0.66,0.35,1770418157459,71357.82
0.65,0.32,0.68,0.35,1770418157460,71357.82
0.65,0.33,0.68,0.35,1770418157461,71357.82
0.65,0.33,0.67,0.35,1770418157464,71357.82
0.65,0.34,0.67,0.35,1770418157477,71357.82
0.65,0.34,0.66,0.35,1770418157478,71357.82
0.66,0.34,0.67,0.35,1770418157750,71357.82
0.66,0.32,0.67,0.34,1770418157755,71357.82
0.66,0.32,0.68,0.34,1770418157759,71357.82
0.66,0.31,0.68,0.34,1770418157797,71357.82
0.66,0.31,0.69,0.34,1770418157802,71357.82
0.68,0.31,0.69,0.34,1770418157806,71357.82
0.68,0.31,0.69,0.32,1770418157807,71357.82
0.68,0.3,0.69,0.32,1770418157891,71357.82
0.68,0.3,0.7,0.32,1770418157936,71357.82
0.68,0.31,0.7,0.32,1770418157961,71357.82
0.68,0.3,0.69,0.32,1770418157999,71357.82
0.68,0.3,0.7,0.32,1770418158012,71357.82
0.68,0.3,0.69,0.32,1770418158013,71357.82
0.68,0.3,0.7,0.32,1770418158032,71357.82
0.68,0.31,0.7,0.32,1770418158209,71357.82
0.68,0.31,0.69,0.32,1770418158211,71357.82
0.67,0.31,0.69,0.32,1770418158802,71340.11
0.67,0.31,0.69,0.33,1770418158803,71340.11
0.68,0.31,0.69,0.33,1770418158805,71340.11
0.68,0.31,0.69,0.32,1770418158806,71340.11
0.67,0.31,0.69,0.32,1770418158815,71340.11
0.67,0.31,0.69,0.33,1770418158817,71340.11
0.67,0.32,0.69,0.33,1770418158854,71340.11
0.67,0.32,0.68,0.33,1770418158856,71340.11
0.66,0.32,0.68,0.33,1770418159764,71336.54
0.66,0.32,0.68,0.34,1770418159765,71336.54
0.66,0.33,0.68,0.34,1770418159767,71336.54
0.66,0.33,0.67,0.34,1770418159771,71336.54
0.66,0.34,0.67,0.35,1770418161533,71318.8
0.65,0.34,0.66,0.35,1770418161534,71318.8
0.66,0.34,0.67,0.35,1770418162154,71318.8
0.66,0.33,0.67,0.34,1770418162155,71318.8
0.67,0.33,0.68,0.34,1770418162301,71328.91
0.67,0.32,0.68,0.33,1770418162302,71328.91
0.68,0.32,0.69,0.33,1770418162386,71328.91
0.68,0.31,0.69,0.32,1770418162387,71328.91
0.67,0.31,0.69,0.32,1770418164245,71325.03
0.67,0.31,0.69,0.33,1770418164246,71325.03
0.67,0.32,0.69,0.33,1770418164268,71325.03
0.67,0.32,0.68,0.33,1770418164269,71325.03
0.67,0.31,0.68,0.33,1770418166047,71325.04
0.67,0.31,0.69,0.33,1770418166050,71325.04
0.68,0.31,0.69,0.33,1770418166157,71325.04
0.68,0.31,0.69,0.32,1770418166158,71325.04
0.68,0.3,0.69,0.32,1770418168003,71343.92
0.68,0.3,0.7,0.32,1770418168024,71343.92
0.69,0.3,0.7,0.32,1770418168029,71343.92
0.69,0.29,0.7,0.31,1770418168052,71343.92
0.69,0.29,0.71,0.31,1770418168053,71343.92
0.7,0.29,0.71,0.31,1770418168150,71343.92
0.7,0.29,0.71,0.3,1770418168151,71343.92
0.7,0.28,0.71,0.3,1770418168247,71343.92
0.7,0.28,0.72,0.3,1770418168248,71343.92
0.7,0.29,0.72,0.3,1770418168564,71364.19
0.7,0.29,0.71,0.3,1770418168565,71364.19
0.72,0.29,0.73,0.3,1770418168755,71364.19
0.72,0.27,0.73,0.28,1770418168756,71364.19
0.72,0.26,0.73,0.28,1770418169514,71384.39
0.72,0.25,0.74,0.28,1770418169531,71384.39
0.72,0.25,0.75,0.28,1770418169532,71384.39
0.73,0.25,0.75,0.28,1770418169610,71384.39
0.73,0.25,0.75,0.27,1770418169678,71384.39
0.74,0.25,0.75,0.27,1770418169904,71384.39
0.74,0.25,0.75,0.26,1770418169905,71384.39
0.74,0.24,0.75,0.26,1770418170199,71384.39
0.74,0.24,0.76,0.26,1770418170200,71384.39
0.74,0.25,0.75,0.26,1770418170202,71384.39
0.74,0.24,0.75,0.26,1770418170212,71384.39
0.74,0.24,0.76,0.26,1770418170213,71384.39
0.74,0.25,0.76,0.26,1770418170227,71384.39
0.74,0.25,0.75,0.26,1770418170228,71384.39
0.74,0.24,0.75,0.26,1770418170370,71396.89
0.74,0.24,0.76,0.26,1770418170371,71396.89
0.75,0.24,0.76,0.26,1770418170388,71396.89
0.75,0.24,0.76,0.25,1770418170389,71396.89
0.76,0.24,0.77,0.25,1770418170434,71396.89
0.76,0.23,0.77,0.24,1770418170435,71396.89
0.75,0.23,0.77,0.24,1770418174253,71390.61
0.75,0.23,0.77,0.25,1770418174342,71390.61
0.75,0.24,0.77,0.25,1770418174501,71390.61
0.75,0.24,0.76,0.25,1770418174502,71390.61
0.75,0.24,0.76,0.26,1770418175241,71390.61
0.74,0.24,0.76,0.26,1770418175243,71390.61
0.75,0.24,0.76,0.26,1770418175250,71390.61
0.75,0.24,0.76,0.25,1770418175251,71390.61
0.74,0.24,0.76,0.25,1770418176657,71390.6
0.74,0.24,0.76,0.26,1770418176658,71390.6
0.74,0.25,0.76,0.26,1770418176701,71390.6
0.74,0.25,0.75,0.26,1770418176702,71390.6
0.73,0.25,0.75,0.26,1770418179582,71380.41
0.73,0.25,0.75,0.27,1770418179584,71380.41
0.74,0.25,0.75,0.27,1770418179621,71380.41
0.74,0.25,0.75,0.26,1770418179622,71380.41
0.74,0.26,0.75,0.27,1770418179729,71380.41
0.73,0.26,0.74,0.27,1770418179730,71380.41
0.71,0.26,0.74,0.27,1770418180251,71369.58
0.71,0.26,0.74,0.29,1770418180252,71369.58
0.71,0.28,0.74,0.29,1770418180271,71369.58
0.71,0.28,0.72,0.29,1770418180272,71369.58
0.7,0.28,0.72,0.29,1770418180830,71369.58
0.7,0.28,0.72,0.3,1770418180831,71369.58
0.7,0.29,0.72,0.3,1770418181059,71369.58
0.7,0.29,0.71,0.3,1770418181074,71369.58
0.7,0.28,0.71,0.3,1770418183637,71360.62
0.7,0.28,0.72,0.3,1770418183638,71360.62
0.7,0.29,0.72,0.3,1770418183643,71360.62
0.7,0.29,0.71,0.3,1770418183649,71360.62
0.7,0.28,0.71,0.3,1770418183665,71360.62
0.7,0.28,0.72,0.3,1770418183667,71360.62
0.71,0.28,0.72,0.3,1770418183736,71360.62
0.71,0.28,0.72,0.29,1770418183737,71360.62
0.71,0.27,0.72,0.29,1770418184422,71378.22
0.71,0.27,0.73,0.29,1770418184423,71378.22
0.71,0.26,0.73,0.29,1770418184439,71378.22
0.71,0.26,0.74,0.29,1770418184440,71378.22
0.73,0.26,0.74,0.27,1770418184441,71378.22
0.72,0.26,0.74,0.27,1770418185645,71368.91
0.72,0.26,0.74,0.28,1770418185646,71368.91
0.72,0.27,0.74,0.28,1770418185649,71368.91
0.72,0.27,0.73,0.28,1770418185650,71368.91
0.72,0.28,0.73,0.29,1770418185832,71368.91
0.71,0.28,0.72,0.29,1770418185833,71368.91
0.7,0.28,0.72,0.29,1770418186028,71368.91
0.7,0.28,0.72,0.3,1770418186029,71368.91
0.69,0.28,0.72,0.3,1770418186095,71368.91
0.69,0.28,0.72,0.31,1770418186096,71368.91
0.7,0.28,0.72,0.31,1770418186192,71368.91
0.69,0.28,0.72,0.3,1770418186276,71347.74
0.69,0.28,0.72,0.31,1770418186277,71347.74
0.69,0.29,0.72,0.31,1770418186284,71347.74
0.69,0.29,0.71,0.31,1770418186285,71347.74
0.7,0.29,0.71,0.31,1770418186350,71347.74
0.7,0.29,0.71,0.3,1770418186351,71347.74
0.69,0.29,0.7,0.3,1770418187764,71347.75
0.69,0.3,0.7,0.31,1770418187765,71347.75
0.69,0.29,0.7,0.31,1770418189626,71347.75
0.7,0.29,0.71,0.31,1770418189628,71347.75
0.7,0.29,0.71,0.3,1770418189629,71347.75
0.7,0.28,0.71,0.3,1770418189724,71347.75
0.7,0.28,0.72,0.3,1770418189725,71347.75
0.71,0.28,0.72,0.3,1770418189776,71347.75
0.71,0.28,0.72,0.29,1770418189777,71347.75
0.71,0.27,0.72,0.29,1770418190756,71368.47
0.71,0.27,0.73,0.29,1770418190763,71368.47
0.72,0.27,0.73,0.29,1770418190764,71368.47
0.72,0.27,0.73,0.28,1770418190765,71368.47
0.71,0.27,0.73,0.28,1770418191824,71372.1
0.71,0.27,0.73,0.29,1770418191825,71372.1
0.71,0.28,0.73,0.29,1770418191841,71372.1
0.71,0.28,0.72,0.29,1770418191842,71372.1
0.7,0.28,0.72,0.29,1770418191936,71372.1
0.7,0.28,0.72,0.3,1770418191937,71372.1
0.7,0.29,0.72,0.3,1770418192091,71372.1
0.7,0.29,0.71,0.3,1770418192092,71372.1
0.7,0.28,0.71,0.3,1770418195283,71360.0
0.7,0.28,0.72,0.3,1770418195284,71360.0
0.71,0.28,0.72,0.3,1770418195295,71360.0
0.71,0.28,0.72,0.29,1770418195296,71360.0
0.71,0.27,0.72,0.29,1770418197871,71362.72
0.72,0.27,0.73,0.28,1770418197872,71362.72
0.73,0.27,0.74,0.28,1770418201163,71362.71
0.73,0.26,0.74,0.27,1770418201164,71362.71
0.73,0.25,0.74,0.27,1770418201749,71377.71
0.73,0.25,0.75,0.27,1770418201750,71377.71
0.74,0.25,0.75,0.27,1770418201771,71377.71
0.74,0.25,0.75,0.26,1770418201772,71377.71
0.73,0.25,0.75,0.26,1770418201782,71377.71
0.73,0.25,0.75,0.27,1770418201783,71377.71
0.74,0.25,0.75,0.27,1770418201824,71377.71
0.74,0.25,0.75,0.26,1770418201825,71377.71
0.74,0.25,0.76,0.26,1770418202271,71378.22
0.74,0.24,0.76,0.26,1770418202272,71378.22
0.75,0.24,0.76,0.26,1770418202308,71378.22
0.75,0.24,0.76,0.25,1770418202309,71378.22
0.75,0.23,0.76,0.25,1770418208557,71390.0
0.75,0.23,0.77,0.25,1770418208558,71390.0
0.76,0.23,0.77,0.25,1770418208564,71390.0
0.76,0.23,0.77,0.24,1770418208566,71390.0
0.76,0.22,0.77,0.24,1770418212560,71389.99
0.76,0.22,0.78,0.24,1770418212561,71389.99
0.76,0.23,0.77,0.24,1770418212576,71389.99
0.76,0.22,0.77,0.24,1770418212592,71389.99
0.76,0.22,0.78,0.24,1770418212594,71389.99
0.76,0.23,0.78,0.24,1770418212606,71389.99
0.76,0.23,0.77,0.24,1770418212611,71389.99
0.76,0.22,0.77,0.24,1770418220187,71386.9
0.77,0.22,0.78,0.24,1770418220189,71386.9
0.77,0.22,0.78,0.23,1770418220196,71386.9
0.77,0.21,0.78,0.23,1770418223236,71390.0
0.77,0.21,0.79,0.23,1770418223242,71390.0
0.78,0.21,0.79,0.23,1770418223244,71390.0
0.78,0.21,0.79,0.22,1770418223253,71390.0
0.79,0.21,0.8,0.22,1770418226099,71390.74
0.79,0.2,0.8,0.21,1770418226100,71390.74
0.78,0.2,0.8,0.21,1770418231177,71396.0
0.78,0.2,0.8,0.22,1770418231178,71396.0
0.78,0.21,0.8,0.22,1770418231280,71392.0
0.78,0.21,0.79,0.22,1770418231281,71392.0
0.77,0.21,0.79,0.22,1770418233680,71386.9
0.77,0.21,0.79,0.23,1770418233682,71386.9
0.77,0.22,0.79,0.23,1770418233685,71386.9
0.77,0.22,0.78,0.23,1770418233689,71386.9
0.76,0.22,0.78,0.23,1770418236810,71383.62
0.76,0.22,0.78,0.24,1770418236811,71383.62
0.76,0.23,0.78,0.24,1770418236816,71383.62
0.76,0.23,0.77,0.24,1770418236817,71383.62
0.75,0.23,0.77,0.24,1770418240670,71369.48
0.75,0.23,0.77,0.25,1770418240671,71369.48
0.75,0.24,0.77,0.25,1770418240677,71369.48
0.75,0.24,0.76,0.25,1770418240682,71369.48
0.74,0.24,0.76,0.25,1770418243504,71355.21
0.74,0.25,0.76,0.26,1770418243507,71355.21
0.74,0.25,0.75,0.26,1770418243512,71355.21
0.73,0.25,0.75,0.26,1770418243553,71355.21
0.73,0.25,0.75,0.27,1770418243554,71355.21
0.74,0.25,0.75,0.27,1770418243573,71355.21
0.74,0.25,0.75,0.26,1770418243574,71355.21
0.73,0.25,0.75,0.26,1770418244657,71355.2
0.73,0.25,0.75,0.27,1770418244658,71355.2
0.74,0.25,0.75,0.27,1770418244682,71355.2
0.74,0.25,0.75,0.26,1770418244684,71355.2
0.75,0.25,0.76,0.26,1770418247090,71353.0
0.75,0.24,0.76,0.25,1770418247091,71353.0
0.75,0.23,0.76,0.25,1770418247481,71369.17
0.75,0.23,0.77,0.25,1770418247482,71369.17
0.75,0.24,0.77,0.25,1770418247516,71369.17
0.75,0.24,0.76,0.25,1770418247517,71369.17
0.75,0.24,0.77,0.25,1770418247746,71369.17
0.76,0.23,0.77,0.25,1770418247748,71369.17
0.76,0.23,0.77,0.24,1770418247751,71369.17
0.77,0.23,0.78,0.24,1770418250288,71375.4
0.77,0.22,0.78,0.23,1770418250289,71375.4
0.78,0.22,0.79,0.23,1770418252616,71378.23
0.78,0.21,0.79,0.22,1770418252617,71378.23
0.79,0.21,0.8,0.22,1770418255397,71386.77
0.79,0.2,0.8,0.21,1770418255399,71386.77
0.8,0.2,0.81,0.21,1770418258303,71405.99
0.8,0.19,0.81,0.2,1770418258304,71405.99
0.8,0.18,0.81,0.2,1770418261039,71405.99
0.8,0.18,0.82,0.2,1770418261040,71405.99
0.8,0.19,0.82,0.2,1770418261984,71411.68
0.8,0.19,0.81,0.2,1770418261986,71411.68
0.8,0.18,0.81,0.2,1770418262301,71417.69
0.8,0.18,0.82,0.2,1770418262369,71417.69
0.81,0.18,0.82,0.2,1770418262502,71417.69
0.81,0.18,0.82,0.19,1770418262503,71417.69
0.82,0.18,0.83,0.19,1770418263623,71423.04
0.82,0.17,0.83,0.18,1770418263624,71423.04
0.83,0.17,0.84,0.18,1770418264294,71442.72
0.83,0.16,0.84,0.17,1770418264296,71442.72
0.84,0.16,0.85,0.17,1770418265860,71443.99
0.84,0.15,0.85,0.16,1770418265861,71443.99
0.83,0.15,0.85,0.16,1770418266226,71443.99
0.83,0.15,0.85,0.17,1770418266227,71443.99
0.84,0.15,0.85,0.16,1770418266228,71443.99
0.85,0.15,0.86,0.16,1770418266767,71460.85
0.85,0.14,0.86,0.15,1770418266769,71460.85
0.85,0.13,0.86,0.15,1770418267568,71469.23
0.85,0.13,0.87,0.15,1770418267569,71469.23
0.86,0.13,0.87,0.15,1770418267722,71469.23
0.86,0.13,0.87,0.14,1770418267723,71469.23
0.86,0.12,0.87,0.14,1770418268353,71499.99
0.86,0.12,0.88,0.14,1770418268356,71499.99
0.86,0.13,0.88,0.14,1770418268684,71499.99
0.86,0.13,0.87,0.14,1770418268688,71499.99
0.86,0.13,0.88,0.14,1770418268789,71499.99
0.86,0.12,0.88,0.14,1770418268792,71499.99
0.87,0.12,0.88,0.14,1770418268825,71499.99
0.87,0.12,0.88,0.13,1770418268826,71499.99
0.8,0.12,0.88,0.13,1770418278538,71484.84
0.8,0.12,0.88,0.2,1770418278539,71484.84
0.81,0.12,0.88,0.2,1770418278550,71484.84
0.81,0.15,0.88,0.19,1770418278551,71484.84
0.81,0.17,0.83,0.19,1770418278552,71484.84
0.81,0.18,0.83,0.19,1770418278554,71484.84
0.81,0.18,0.82,0.19,1770418278562,71484.84
0.81,0.13,0.82,0.19,1770418279085,71484.84
0.81,0.13,0.87,0.19,1770418279086,71484.84
0.82,0.13,0.87,0.19,1770418279122,71484.84
0.82,0.13,0.87,0.18,1770418279123,71484.84
0.83,0.13,0.87,0.18,1770418279157,71484.84
0.85,0.13,0.87,0.15,1770418279159,71484.84
0.86,0.13,0.87,0.15,1770418279174,71484.84
0.86,0.13,0.87,0.14,1770418279175,71484.84
0.85,0.13,0.87,0.14,1770418280167,71484.83
0.85,0.13,0.87,0.15,1770418280168,71484.83
0.85,0.14,0.87,0.15,1770418280203,71484.83
0.85,0.14,0.86,0.15,1770418280205,71484.83
0.85,0.14,0.87,0.15,1770418285052,71480.01
0.85,0.13,0.87,0.15,1770418285053,71480.01
0.86,0.13,0.87,0.15,1770418285086,71480.01
0.86,0.13,0.87,0.14,1770418285087,71480.01
0.85,0.13,0.87,0.14,1770418285558,71480.01
0.85,0.13,0.87,0.15,1770418285559,71480.01
0.85,0.14,0.87,0.15,1770418285607,71480.01
0.85,0.14,0.86,0.15,1770418285609,71480.01
0.85,0.14,0.86,0.16,1770418288130,71470.01
0.84,0.14,0.86,0.16,1770418288131,71470.01
0.84,0.15,0.86,0.16,1770418288136,71470.01
0.84,0.15,0.85,0.16,1770418288137,71470.01
0.84,0.14,0.85,0.16,1770418289940,71462.62
0.84,0.14,0.86,0.16,1770418289941,71462.62
0.85,0.14,0.86,0.16,1770418289944,71462.62
0.85,0.14,0.86,0.15,1770418289946,71462.62
0.84,0.14,0.86,0.15,1770418291647,71449.38
0.84,0.14,0.86,0.16,1770418291648,71449.38
0.85,0.14,0.86,0.16,1770418291659,71449.38
0.85,0.14,0.86,0.15,1770418291660,71449.38
0.85,0.15,0.86,0.16,1770418291690,71449.38
0.84,0.15,0.85,0.16,1770418291691,71449.38
0.83,0.15,0.85,0.16,1770418292088,71449.38
0.83,0.15,0.85,0.17,1770418292089,71449.38
0.84,0.15,0.85,0.17,1770418292090,71449.38
0.84,0.15,0.85,0.16,1770418292091,71449.38
0.83,0.15,0.85,0.16,1770418292111,71449.38
0.83,0.15,0.85,0.17,1770418292128,71449.38
0.84,0.15,0.85,0.17,1770418292131,71449.38
0.84,0.15,0.85,0.16,1770418292132,71449.38
0.84,0.15,0.85,0.17,1770418292173,71449.38
0.83,0.15,0.85,0.17,1770418292174,71449.38
0.83,0.16,0.85,0.17,1770418292302,71443.31
0.83,0.16,0.84,0.17,1770418292304,71443.31
0.82,0.16,0.84,0.17,1770418293364,71443.31
0.82,0.16,0.84,0.18,1770418293365,71443.31
0.82,0.17,0.84,0.18,1770418293384,71443.31
0.82,0.17,0.83,0.18,1770418293385,71443.31
0.82,0.16,0.83,0.18,1770418294059,71443.31
0.82,0.17,0.83,0.18,1770418294060,71443.31
0.81,0.17,0.83,0.18,1770418295358,71423.94
0.81,0.17,0.83,0.19,1770418295360,71423.94
0.81,0.18,0.83,0.19,1770418295375,71423.94
0.81,0.18,0.82,0.19,1770418295380,71423.94
0.81,0.17,0.82,0.19,1770418296826,71415.27
0.81,0.17,0.83,0.19,1770418296827,71415.27
0.82,0.17,0.83,0.19,1770418296856,71415.27
0.82,0.17,0.83,0.18,1770418296857,71415.27
0.81,0.17,0.83,0.18,1770418298442,71414.01
0.81,0.17,0.83,0.19,1770418298449,71414.01
0.81,0.18,0.83,0.19,1770418298495,71414.01
0.81,0.18,0.82,0.19,1770418298496,71414.01
0.81,0.17,0.82,0.19,1770418303454,71415.94
0.81,0.17,0.83,0.19,1770418303455,71415.94
0.82,0.17,0.83,0.19,1770418303462,71415.94
0.82,0.17,0.83,0.18,1770418303463,71415.94
0.82,0.16,0.83,0.18,1770418304200,71415.94
0.83,0.16,0.84,0.18,1770418304204,71415.94
0.83,0.16,0.84,0.17,1770418304205,71415.94
0.83,0.15,0.84,0.17,1770418311049,71422.0
0.83,0.15,0.85,0.17,1770418311100,71422.0
0.84,0.15,0.85,0.17,1770418311162,71422.0
0.84,0.15,0.85,0.16,1770418311163,71422.0
0.84,0.14,0.85,0.16,1770418312720,71430.46
0.84,0.14,0.86,0.16,1770418312721,71430.46
0.85,0.14,0.86,0.16,1770418312736,71430.46
0.85,0.14,0.86,0.15,1770418312737,71430.46
0.85,0.14,0.87,0.15,1770418313933,71458.79
0.85,0.13,0.87,0.15,1770418313934,71458.79
0.86,0.13,0.87,0.15,1770418313937,71458.79
0.86,0.13,0.87,0.14,1770418313941,71458.79
0.86,0.14,0.87,0.15,1770418317535,71445.99
0.85,0.14,0.86,0.15,1770418317536,71445.99
0.84,0.14,0.86,0.15,1770418317974,71445.99
0.84,0.14,0.86,0.16,1770418317975,71445.99
0.84,0.15,0.86,0.16,1770418317978,71445.99
0.84,0.15,0.85,0.16,1770418317979,71445.99
0.83,0.15,0.85,0.16,1770418318387,71426.85
0.83,0.15,0.85,0.17,1770418318454,71426.85
0.84,0.15,0.85,0.17,1770418318487,71426.85
0.84,0.15,0.85,0.16,1770418318488,71426.85
0.84,0.15,0.85,0.17,1770418318691,71426.85
