0.01,0.99,0.02,1.0,1770422401171,2063.38
0.0,0.99,0.01,1.0,1770422401172,2063.38
0.22,0.77,0.23,0.78,1770422434912,2057.46
0.21,0.77,0.23,0.78,1770422434914,2057.46
0.21,0.77,0.23,0.79,1770422434915,2057.46
0.21,0.78,0.23,0.79,1770422434919,2057.46
0.21,0.78,0.22,0.79,1770422434920,2057.46
0.17,0.78,0.22,0.79,1770422435221,2057.46
0.17,0.78,0.22,0.83,1770422435222,2057.46
0.17,0.82,0.22,0.83,1770422435291,2055.39
0.17,0.82,0.18,0.83,1770422435292,2055.39
0.17,0.81,0.18,0.83,1770422435755,2055.39
0.17,0.81,0.19,0.83,1770422435756,2055.39
0.18,0.81,0.19,0.83,1770422435761,2055.39
0.18,0.81,0.19,0.82,1770422435762,2055.39
0.18,0.79,0.19,0.82,1770422436018,2055.39
0.18,0.79,0.21,0.82,1770422436019,2055.39
0.2,0.79,0.21,0.82,1770422436022,2055.39
0.2,0.79,0.21,0.8,1770422436028,2055.39
0.19,0.79,0.21,0.8,1770422436089,2055.39
0.2,0.79,0.21,0.81,1770422436094,2055.39
0.2,0.79,0.21,0.8,1770422436095,2055.39
0.2,0.78,0.21,0.8,1770422436530,2057.38
0.2,0.78,0.22,0.8,1770422436531,2057.38
0.2,0.77,0.22,0.8,1770422436539,2057.38
0.2,0.77,0.23,0.8,1770422436540,2057.38
0.2,0.76,0.23,0.8,1770422436574,2057.38
0.2,0.76,0.24,0.8,1770422436575,2057.38
0.21,0.76,0.24,0.8,1770422436578,2057.38
0.21,0.76,0.24,0.79,1770422436580,2057.38
0.22,0.76,0.24,0.79,1770422436590,2057.38
0.22,0.76,0.24,0.78,1770422436591,2057.38
0.23,0.76,0.24,0.78,1770422436647,2057.38
0.23,0.76,0.24,0.77,1770422436648,2057.38
0.23,0.75,0.24,0.77,1770422437165,2057.38
0.23,0.75,0.25,0.77,1770422437166,2057.38
0.23,0.75,0.25,0.76,1770422437205,2057.38
0.24,0.75,0.25,0.76,1770422437206,2057.38
0.24,0.74,0.25,0.76,1770422437681,2057.74
0.24,0.74,0.26,0.76,1770422437685,2057.74
0.25,0.74,0.26,0.76,1770422437737,2057.74
0.25,0.74,0.26,0.75,1770422437738,2057.74
0.25,0.73,0.26,0.75,1770422437870,2057.74
0.26,0.73,0.27,0.74,1770422437871,2057.74
0.26,0.72,0.27,0.74,1770422438232,2057.74
0.26,0.72,0.28,0.74,1770422438238,2058.39
0.27,0.72,0.28,0.74,1770422438283,2058.39
0.27,0.72,0.28,0.73,1770422438284,2058.39
0.27,0.7,0.28,0.73,1770422438851,2058.39
0.27,0.72,0.3,0.73,1770422438853,2058.39
0.27,0.72,0.28,0.73,1770422438854,2058.39
0.26,0.72,0.28,0.73,1770422439136,2058.39
0.26,0.72,0.28,0.74,1770422439137,2058.39
0.26,0.73,0.28,0.74,1770422439182,2058.39
0.26,0.73,0.27,0.74,1770422439185,2058.39
0.26,0.72,0.27,0.74,1770422439837,2057.76
0.26,0.72,0.28,0.74,1770422439838,2057.76
0.26,0.73,0.28,0.74,1770422439846,2057.76
0.26,0.73,0.27,0.74,1770422439847,2057.76
0.25,0.73,0.27,0.74,1770422440314,2056.96
0.25,0.73,0.27,0.75,1770422440315,2056.96
0.25,0.74,0.27,0.75,1770422440316,2056.96
0.25,0.74,0.26,0.75,1770422440317,2056.96
0.24,0.74,0.26,0.75,1770422440819,2056.96
0.24,0.74,0.26,0.76,1770422440820,2056.96
0.24,0.75,0.26,0.76,1770422440823,2056.96
0.24,0.75,0.25,0.76,1770422440824,2056.96
0.23,0.75,0.25,0.76,1770422441291,2055.42
0.23,0.75,0.25,0.77,1770422441292,2055.42
0.23,0.76,0.24,0.77,1770422441293,2055.42
0.22,0.76,0.24,0.77,1770422441332,2055.42
0.22,0.76,0.24,0.78,1770422441333,2055.42
0.23,0.76,0.24,0.78,1770422441334,2055.42
0.23,0.76,0.24,0.77,1770422441335,2055.42
0.2,0.76,0.24,0.77,1770422441441,2055.42
0.2,0.76,0.24,0.8,1770422441442,2055.42
0.2,0.79,0.24,0.8,1770422441454,2055.42
0.2,0.79,0.21,0.8,1770422441456,2055.42
0.2,0.78,0.21,0.8,1770422442046,2055.42
0.2,0.78,0.22,0.8,1770422442047,2055.42
0.21,0.78,0.22,0.8,1770422442068,2055.42
0.21,0.78,0.22,0.79,1770422442072,2055.42
0.21,0.77,0.22,0.79,1770422442710,2056.13
0.21,0.77,0.23,0.79,1770422442711,2056.13
0.22,0.77,0.23,0.79,1770422442755,2056.13
0.22,0.77,0.23,0.78,1770422442761,2056.13
0.21,0.77,0.23,0.78,1770422443328,2056.29
0.21,0.77,0.23,0.79,1770422443329,2056.29
0.21,0.78,0.23,0.79,1770422443336,2056.29
0.21,0.78,0.22,0.79,1770422443338,2056.29
0.2,0.78,0.22,0.79,1770422443509,2056.29
0.2,0.78,0.22,0.8,1770422443510,2056.29
0.2,0.79,0.22,0.8,1770422443516,2056.29
0.2,0.79,0.21,0.8,1770422443518,2056.29
0.2,0.75,0.21,0.8,1770422444776,2055.5
0.2,0.75,0.25,0.8,1770422444777,2055.5
0.2,0.77,0.25,0.8,1770422444782,2055.5
0.2,0.77,0.23,0.8,1770422444793,2055.5
0.2,0.78,0.23,0.8,1770422444806,2055.5
0.2,0.78,0.22,0.8,1770422444807,2055.5
0.2,0.77,0.22,0.8,1770422444875,2055.5
0.2,0.77,0.23,0.8,1770422444896,2055.5
0.21,0.77,0.23,0.8,1770422444929,2055.5
0.21,0.77,0.23,0.79,1770422444930,2055.5
0.21,0.76,0.23,0.79,1770422444936,2055.5
0.21,0.76,0.24,0.79,1770422444938,2055.5
0.22,0.76,0.24,0.79,1770422444939,2055.5
0.22,0.76,0.24,0.78,1770422444940,2055.5
0.23,0.76,0.24,0.78,1770422445008,2055.5
0.23,0.76,0.24,0.77,1770422445014,2055.5
0.22,0.76,0.24,0.77,1770422445635,2055.21
0.22,0.76,0.24,0.78,1770422445636,2055.21
0.22,0.77,0.24,0.78,1770422445639,2055.21
0.22,0.77,0.23,0.78,1770422445640,2055.21
0.22,0.76,0.23,0.78,1770422445898,2055.21
0.22,0.76,0.24,0.78,1770422445899,2055.21
0.23,0.76,0.24,0.78,1770422445940,2055.21
0.23,0.76,0.24,0.77,1770422445951,2055.21
0.23,0.77,0.24,0.78,1770422447876,2056.17
0.22,0.77,0.23,0.78,1770422447877,2056.17
0.22,0.76,0.23,0.78,1770422448004,2056.17
0.22,0.76,0.24,0.78,1770422448005,2056.17
0.23,0.76,0.24,0.78,1770422448047,2056.17
0.23,0.76,0.24,0.77,1770422448054,2056.17
0.24,0.76,0.25,0.77,1770422448598,2057.0
0.24,0.75,0.25,0.76,1770422448599,2057.0
0.24,0.74,0.25,0.76,1770422449725,2056.85
0.24,0.74,0.26,0.76,1770422449727,2056.85
0.25,0.74,0.26,0.76,1770422449751,2056.85
0.25,0.74,0.26,0.75,1770422449752,2056.85
0.25,0.74,0.27,0.75,1770422449818,2056.85
0.25,0.73,0.27,0.75,1770422449823,2056.85
0.26,0.73,0.27,0.75,1770422449849,2056.85
0.26,0.73,0.27,0.74,1770422449851,2056.85
0.26,0.72,0.27,0.74,1770422449863,2056.85
0.26,0.72,0.28,0.74,1770422449864,2056.85
0.27,0.72,0.28,0.74,1770422449886,2056.85
0.27,0.72,0.28,0.73,1770422449887,2056.85
0.27,0.71,0.28,0.73,1770422451230,2057.91
0.27,0.71,0.29,0.73,1770422451231,2057.91
0.27,0.71,0.28,0.73,1770422451275,2058.07
0.27,0.72,0.28,0.73,1770422451277,2058.07
0.27,0.71,0.28,0.73,1770422451338,2058.07
0.27,0.71,0.29,0.73,1770422451339,2058.07
0.27,0.72,0.29,0.73,1770422451383,2058.07
0.27,0.72,0.28,0.73,1770422451388,2058.07
0.27,0.71,0.28,0.73,1770422451651,2058.07
0.27,0.71,0.29,0.73,1770422451656,2058.07
0.27,0.72,0.29,0.73,1770422451676,2058.07
0.27,0.72,0.28,0.73,1770422451677,2058.07
0.27,0.71,0.28,0.73,1770422451762,2058.07
0.27,0.71,0.29,0.73,1770422451763,2058.07
0.28,0.71,0.29,0.73,1770422451843,2058.07
0.28,0.71,0.29,0.72,1770422451844,2058.07
0.27,0.71,0.29,0.72,1770422452366,2058.01
0.27,0.72,0.28,0.73,1770422452380,2058.01
0.27,0.71,0.28,0.73,1770422453122,2058.01
0.27,0.71,0.29,0.73,1770422453123,2058.01
0.27,0.72,0.29,0.73,1770422453178,2058.01
0.27,0.72,0.28,0.73,1770422453179,2058.01
0.3,0.72,0.31,0.73,1770422453647,2057.9
0.3,0.69,0.31,0.7,1770422453648,2057.9
0.33,0.69,0.34,0.7,1770422454300,2058.9
0.33,0.66,0.34,0.67,1770422454301,2058.9
0.33,0.65,0.34,0.67,1770422455300,2059.42
0.33,0.65,0.35,0.67,1770422455301,2059.42
0.34,0.65,0.35,0.67,1770422455313,2059.42
0.34,0.65,0.35,0.66,1770422455314,2059.42
0.34,0.63,0.35,0.66,1770422456290,2059.86
0.34,0.63,0.37,0.66,1770422456291,2059.86
0.37,0.63,0.38,0.66,1770422456294,2059.86
0.37,0.62,0.38,0.63,1770422456295,2059.86
0.37,0.62,0.39,0.63,1770422456574,2059.86
0.37,0.61,0.39,0.63,1770422456577,2059.86
0.38,0.61,0.39,0.63,1770422456613,2059.86
0.38,0.61,0.39,0.62,1770422456618,2059.86
0.38,0.6,0.39,0.62,1770422456994,2059.86
0.38,0.6,0.4,0.62,1770422456995,2059.86
0.39,0.6,0.4,0.62,1770422457035,2059.86
0.39,0.6,0.4,0.61,1770422457045,2059.86
0.38,0.6,0.4,0.61,1770422457410,2060.28
0.38,0.6,0.4,0.62,1770422457411,2060.28
0.38,0.61,0.4,0.62,1770422457417,2060.28
0.38,0.61,0.39,0.62,1770422457419,2060.28
0.37,0.61,0.39,0.62,1770422457835,2060.28
0.37,0.61,0.39,0.63,1770422457836,2060.28
0.37,0.62,0.38,0.63,1770422457837,2060.28
0.37,0.61,0.38,0.63,1770422458436,2060.17
0.37,0.61,0.39,0.63,1770422458437,2060.17
0.38,0.61,0.39,0.63,1770422458443,2060.17
0.38,0.61,0.39,0.62,1770422458446,2060.17
0.37,0.61,0.39,0.62,1770422458661,2060.17
0.37,0.61,0.39,0.63,1770422458662,2060.17
0.37,0.62,0.39,0.63,1770422458667,2060.17
0.37,0.62,0.38,0.63,1770422458668,2060.17
0.36,0.62,0.38,0.63,1770422458983,2060.17
0.36,0.62,0.38,0.64,1770422458989,2060.17
0.36,0.63,0.38,0.64,1770422458993,2060.17
0.36,0.63,0.37,0.64,1770422458995,2060.17
0.35,0.63,0.37,0.64,1770422459155,2060.17
0.35,0.63,0.37,0.65,1770422459156,2060.17
0.35,0.64,0.37,0.65,1770422459165,2060.17
0.35,0.64,0.36,0.65,1770422459167,2060.17
0.34,0.64,0.36,0.65,1770422459610,2057.96
0.34,0.64,0.36,0.66,1770422459612,2057.96
0.34,0.65,0.35,0.66,1770422459613,2057.96
0.33,0.65,0.35,0.66,1770422459652,2057.96
0.33,0.65,0.35,0.67,1770422459653,2057.96
0.33,0.66,0.35,0.67,1770422459660,2057.96
0.33,0.66,0.34,0.67,1770422459663,2057.96
0.32,0.66,0.34,0.67,1770422459724,2057.96
0.32,0.66,0.34,0.68,1770422459725,2057.96
0.32,0.67,0.34,0.68,1770422459811,2057.96
0.32,0.67,0.33,0.68,1770422459812,2057.96
0.31,0.67,0.33,0.68,1770422459910,2057.96
0.31,0.67,0.33,0.69,1770422459917,2057.96
0.31,0.68,0.33,0.69,1770422460019,2057.96
0.31,0.68,0.32,0.69,1770422460020,2057.96
0.3,0.68,0.32,0.69,1770422460052,2057.96
0.3,0.68,0.32,0.7,1770422460053,2057.96
0.3,0.69,0.32,0.7,1770422460070,2057.96
0.3,0.69,0.31,0.7,1770422460071,2057.96
0.29,0.69,0.31,0.7,1770422460244,2056.2
0.29,0.7,0.31,0.71,1770422460245,2056.2
0.29,0.7,0.3,0.71,1770422460252,2056.2
0.28,0.7,0.3,0.71,1770422460313,2056.2
0.28,0.7,0.3,0.72,1770422460314,2056.2
0.28,0.71,0.3,0.72,1770422460320,2056.2
0.28,0.71,0.29,0.72,1770422460321,2056.2
0.27,0.71,0.29,0.72,1770422460341,2056.2
0.28,0.71,0.29,0.73,1770422460342,2056.2
0.28,0.71,0.29,0.72,1770422460345,2056.2
0.27,0.71,0.29,0.72,1770422460385,2056.2
0.27,0.71,0.29,0.73,1770422460386,2056.2
0.27,0.72,0.29,0.73,1770422460401,2056.2
0.27,0.72,0.28,0.73,1770422460403,2056.2
0.26,0.72,0.28,0.73,1770422460594,2056.2
0.26,0.72,0.28,0.74,1770422460595,2056.2
0.27,0.72,0.28,0.74,1770422460613,2056.2
0.27,0.72,0.28,0.73,1770422460614,2056.2
0.26,0.72,0.28,0.73,1770422460625,2056.2
0.26,0.73,0.28,0.74,1770422460626,2056.2
0.26,0.73,0.27,0.74,1770422460688,2056.2
0.27,0.73,0.28,0.74,1770422460706,2056.2
0.27,0.72,0.28,0.73,1770422460707,2056.2
0.27,0.71,0.28,0.73,1770422460766,2056.2
0.27,0.71,0.29,0.73,1770422460769,2056.2
0.27,0.7,0.29,0.73,1770422460773,2056.2
0.28,0.7,0.3,0.72,1770422460780,2056.2
0.28,0.7,0.3,0.71,1770422460836,2056.2
0.29,0.7,0.3,0.71,1770422460848,2056.2
0.29,0.7,0.3,0.72,1770422460853,2056.2
0.28,0.71,0.3,0.72,1770422460857,2056.2
0.28,0.71,0.29,0.72,1770422460858,2056.2
0.29,0.71,0.31,0.72,1770422461165,2056.2
0.29,0.69,0.31,0.71,1770422461166,2056.2
0.29,0.69,0.31,0.7,1770422461236,2057.16
0.3,0.69,0.31,0.7,1770422461237,2057.16
0.3,0.68,0.31,0.7,1770422461497,2057.16
0.3,0.68,0.32,0.7,1770422461498,2057.16
0.31,0.68,0.32,0.7,1770422461552,2057.16
0.31,0.68,0.32,0.69,1770422461555,2057.16
0.3,0.68,0.32,0.69,1770422461641,2057.16
0.3,0.68,0.32,0.7,1770422461642,2057.16
0.31,0.68,0.32,0.7,1770422461649,2057.16
0.31,0.68,0.32,0.69,1770422461650,2057.16
0.31,0.67,0.32,0.69,1770422461922,2057.16
0.31,0.67,0.33,0.69,1770422461923,2057.16
0.31,0.68,0.33,0.69,1770422461966,2057.16
0.31,0.68,0.32,0.69,1770422461968,2057.16
0.31,0.68,0.33,0.69,1770422462011,2057.16
0.31,0.67,0.33,0.69,1770422462014,2057.16
0.33,0.67,0.34,0.69,1770422462021,2057.16
0.33,0.66,0.34,0.67,1770422462023,2057.16
0.31,0.66,0.34,0.67,1770422462057,2057.16
0.31,0.66,0.34,0.69,1770422462058,2057.16
0.32,0.66,0.34,0.69,1770422462078,2057.16
0.32,0.66,0.34,0.68,1770422462080,2057.16
0.32,0.67,0.34,0.68,1770422462085,2057.16
0.32,0.67,0.33,0.68,1770422462087,2057.16
0.32,0.66,0.33,0.68,1770422462469,2058.39
0.32,0.66,0.34,0.68,1770422462470,2058.39
0.32,0.65,0.34,0.68,1770422462516,2058.39
0.32,0.65,0.35,0.68,1770422462519,2058.39
0.32,0.67,0.35,0.68,1770422462535,2058.39
0.32,0.67,0.33,0.68,1770422462541,2058.39
0.32,0.66,0.33,0.68,1770422462678,2058.39
0.32,0.66,0.34,0.68,1770422462679,2058.39
0.33,0.66,0.34,0.68,1770422462698,2058.39
0.33,0.66,0.34,0.67,1770422462710,2058.39
0.32,0.66,0.34,0.67,1770422462717,2058.39
0.32,0.66,0.34,0.68,1770422462722,2058.39
0.32,0.67,0.34,0.68,1770422462727,2058.39
0.32,0.67,0.33,0.68,1770422462728,2058.39
0.3,0.67,0.33,0.68,1770422462932,2058.39
0.3,0.67,0.33,0.7,1770422462933,2058.39
0.3,0.68,0.33,0.7,1770422462935,2058.39
0.3,0.68,0.32,0.7,1770422462936,2058.39
0.31,0.68,0.32,0.7,1770422463105,2058.39
0.31,0.68,0.32,0.69,1770422463106,2058.39
0.31,0.68,0.33,0.69,1770422463225,2058.39
0.31,0.67,0.33,0.69,1770422463226,2058.39
0.31,0.68,0.33,0.69,1770422463262,2058.39
0.31,0.68,0.32,0.69,1770422463266,2058.13
0.3,0.68,0.32,0.69,1770422463388,2058.13
0.3,0.68,0.32,0.7,1770422463389,2058.13
0.3,0.69,0.31,0.7,1770422463395,2058.13
0.29,0.69,0.31,0.7,1770422463428,2058.13
0.29,0.7,0.31,0.71,1770422463430,2058.13
0.29,0.7,0.3,0.71,1770422463434,2058.13
0.28,0.7,0.3,0.71,1770422464477,2057.98
0.28,0.7,0.3,0.72,1770422464478,2057.98
0.27,0.7,0.28,0.72,1770422464480,2057.98
0.27,0.72,0.28,0.73,1770422464481,2057.98
0.25,0.72,0.28,0.73,1770422466760,2057.75
0.25,0.72,0.28,0.75,1770422466761,2057.75
0.25,0.73,0.28,0.75,1770422466771,2057.75
0.25,0.73,0.27,0.75,1770422466777,2057.75
0.24,0.73,0.25,0.75,1770422466800,2057.75
0.24,0.75,0.25,0.76,1770422466801,2057.75
0.23,0.75,0.25,0.76,1770422467084,2057.75
0.23,0.75,0.25,0.77,1770422467092,2057.75
0.23,0.76,0.25,0.77,1770422467094,2057.75
0.23,0.76,0.24,0.77,1770422467096,2057.75
0.23,0.76,0.25,0.77,1770422468101,2057.1
0.24,0.75,0.25,0.76,1770422468108,2057.1
0.23,0.75,0.25,0.76,1770422468312,2056.59
0.23,0.75,0.25,0.77,1770422468313,2056.59
0.22,0.75,0.25,0.77,1770422468319,2056.59
0.22,0.77,0.25,0.78,1770422468320,2056.59
0.22,0.77,0.23,0.78,1770422468321,2056.59
0.22,0.78,0.23,0.79,1770422468649,2056.59
0.21,0.78,0.22,0.79,1770422468650,2056.59
0.21,0.77,0.22,0.79,1770422469027,2056.59
0.21,0.77,0.23,0.79,1770422469028,2056.59
0.22,0.77,0.23,0.79,1770422469053,2056.59
0.22,0.77,0.23,0.78,1770422469054,2056.59
0.22,0.76,0.23,0.78,1770422469432,2056.36
0.22,0.76,0.24,0.78,1770422469444,2056.36
0.23,0.76,0.24,0.78,1770422469474,2056.36
0.23,0.76,0.24,0.77,1770422469475,2056.36
0.23,0.75,0.24,0.77,1770422470545,2056.68
0.23,0.75,0.25,0.77,1770422470546,2056.68
0.24,0.75,0.25,0.77,1770422470567,2056.68
0.24,0.75,0.25,0.76,1770422470568,2056.68
0.24,0.74,0.25,0.76,1770422470591,2056.68
0.24,0.74,0.26,0.76,1770422470595,2056.68
0.25,0.74,0.26,0.76,1770422470629,2056.68
0.25,0.74,0.26,0.75,1770422470630,2056.68
0.25,0.73,0.26,0.75,1770422470694,2056.68
0.25,0.73,0.27,0.75,1770422470707,2056.68
0.25,0.74,0.27,0.75,1770422470769,2056.68
0.25,0.74,0.26,0.75,1770422470770,2056.68
0.25,0.74,0.27,0.75,1770422471042,2056.68
0.25,0.73,0.27,0.75,1770422471049,2056.68
0.26,0.73,0.27,0.75,1770422471052,2056.68
0.26,0.73,0.27,0.74,1770422471054,2056.68
0.26,0.72,0.27,0.74,1770422472341,2057.5
0.26,0.72,0.28,0.74,1770422472342,2057.5
0.27,0.72,0.28,0.74,1770422472390,2057.5
0.27,0.72,0.28,0.73,1770422472391,2057.5
0.27,0.72,0.28,0.74,1770422472629,2057.5
0.26,0.72,0.28,0.74,1770422472630,2057.5
0.26,0.73,0.28,0.74,1770422472634,2057.5
0.26,0.73,0.27,0.74,1770422472635,2057.5
0.26,0.74,0.27,0.75,1770422472906,2057.5
0.25,0.74,0.26,0.75,1770422472907,2057.5
0.25,0.75,0.26,0.76,1770422473621,2056.9
0.24,0.75,0.25,0.76,1770422473622,2056.9
0.24,0.77,0.25,0.78,1770422473766,2056.9
0.22,0.77,0.23,0.78,1770422473767,2056.9
0.22,0.78,0.23,0.79,1770422475069,2056.23
0.21,0.78,0.22,0.79,1770422475070,2056.23
0.21,0.77,0.22,0.79,1770422476193,2055.9
0.21,0.77,0.23,0.79,1770422476211,2055.9
0.22,0.77,0.23,0.79,1770422476224,2056.23
0.22,0.77,0.23,0.78,1770422476225,2056.23
0.22,0.75,0.23,0.78,1770422479503,2056.84
0.22,0.75,0.25,0.78,1770422479506,2056.84
0.24,0.75,0.25,0.78,1770422479509,2056.84
0.24,0.75,0.25,0.76,1770422479514,2056.84
0.24,0.75,0.26,0.76,1770422481086,2057.09
0.24,0.74,0.26,0.76,1770422481087,2057.09
0.25,0.74,0.26,0.76,1770422481124,2057.09
0.25,0.74,0.26,0.75,1770422481126,2057.09
0.24,0.74,0.26,0.75,1770422481736,2057.1
0.24,0.74,0.26,0.76,1770422481737,2057.1
0.24,0.75,0.26,0.76,1770422481752,2057.1
0.24,0.75,0.25,0.76,1770422481753,2057.1
0.23,0.75,0.25,0.76,1770422481866,2057.1
0.23,0.75,0.25,0.77,1770422481867,2057.1
0.23,0.76,0.25,0.77,1770422481874,2057.1
0.23,0.76,0.24,0.77,1770422481875,2057.1
0.23,0.76,0.25,0.77,1770422483338,2056.48
0.23,0.75,0.25,0.77,1770422483339,2056.48
0.24,0.75,0.25,0.77,1770422483358,2056.48
0.24,0.75,0.25,0.76,1770422483359,2056.48
0.24,0.75,0.26,0.76,1770422483835,2056.48
0.24,0.74,0.26,0.76,1770422483850,2056.48
0.24,0.75,0.26,0.76,1770422483885,2056.48
0.24,0.75,0.25,0.76,1770422483886,2056.48
0.24,0.75,0.27,0.76,1770422485931,2057.15
0.24,0.73,0.27,0.76,1770422485932,2057.15
0.27,0.73,0.28,0.76,1770422485940,2057.15
0.27,0.72,0.28,0.73,1770422485942,2057.15
0.27,0.71,0.28,0.73,1770422486172,2057.15
0.27,0.71,0.29,0.73,1770422486173,2057.15
0.27,0.71,0.28,0.73,1770422486202,2057.15
0.27,0.72,0.28,0.73,1770422486203,2057.15
0.27,0.72,0.29,0.73,1770422486237,2057.15
0.27,0.71,0.29,0.73,1770422486241,2057.73
0.28,0.71,0.29,0.72,1770422486244,2057.73
0.28,0.71,0.3,0.72,1770422486521,2057.73
0.28,0.7,0.3,0.72,1770422486522,2057.73
0.28,0.7,0.3,0.71,1770422486575,2057.73
0.29,0.7,0.3,0.71,1770422486577,2057.73
0.29,0.69,0.3,0.71,1770422486753,2057.73
0.29,0.69,0.31,0.71,1770422486754,2057.73
0.29,0.69,0.31,0.7,1770422486813,2057.73
0.3,0.69,0.31,0.7,1770422486814,2057.73
0.3,0.68,0.31,0.7,1770422487196,2057.73
0.3,0.68,0.32,0.7,1770422487211,2057.73
0.3,0.68,0.32,0.69,1770422487249,2058.46
0.31,0.68,0.32,0.69,1770422487251,2058.46
0.31,0.68,0.32,0.7,1770422488137,2058.46
0.3,0.68,0.32,0.7,1770422488141,2058.46
0.3,0.69,0.32,0.7,1770422488143,2058.46
0.3,0.69,0.31,0.7,1770422488144,2058.46
0.29,0.69,0.31,0.7,1770422488691,2058.36
0.28,0.69,0.31,0.71,1770422488698,2058.36
0.3,0.69,0.31,0.72,1770422488699,2058.36
0.3,0.69,0.31,0.7,1770422488700,2058.36
0.3,0.69,0.31,0.71,1770422489009,2058.36
0.29,0.69,0.31,0.71,1770422489010,2058.36
0.29,0.7,0.31,0.71,1770422489026,2058.36
0.29,0.7,0.3,0.71,1770422489031,2058.36
0.29,0.7,0.3,0.72,1770422490499,2058.01
0.28,0.7,0.3,0.72,1770422490500,2058.01
0.28,0.71,0.3,0.72,1770422490506,2058.01
0.28,0.71,0.29,0.72,1770422490507,2058.01
0.27,0.71,0.29,0.72,1770422491492,2057.09
0.27,0.71,0.29,0.73,1770422491495,2057.09
0.27,0.72,0.29,0.73,1770422491497,2057.09
0.27,0.72,0.28,0.73,1770422491498,2057.09
0.26,0.72,0.28,0.73,1770422492744,2057.07
0.26,0.73,0.28,0.74,1770422492745,2057.07
0.26,0.73,0.27,0.74,1770422492746,2057.07
0.25,0.73,0.27,0.74,1770422493920,2056.82
0.25,0.73,0.27,0.75,1770422493921,2056.82
0.25,0.74,0.27,0.75,1770422493985,2056.82
0.25,0.74,0.26,0.75,1770422493988,2056.82
0.24,0.74,0.26,0.75,1770422494512,2055.51
0.24,0.74,0.26,0.76,1770422494513,2055.51
0.24,0.75,0.26,0.76,1770422494529,2055.51
0.24,0.75,0.25,0.76,1770422494532,2055.51
0.23,0.75,0.25,0.76,1770422494559,2055.51
0.23,0.75,0.25,0.77,1770422494564,2055.51
0.23,0.76,0.25,0.77,1770422494574,2055.51
0.23,0.76,0.24,0.77,1770422494576,2055.51
0.22,0.76,0.24,0.77,1770422495284,2054.9
0.22,0.76,0.24,0.78,1770422495286,2054.9
0.22,0.77,0.24,0.78,1770422495300,2054.9
0.22,0.77,0.23,0.78,1770422495301,2054.9
0.21,0.77,0.23,0.78,1770422496341,2054.45
0.21,0.77,0.23,0.79,1770422496342,2054.45
0.21,0.78,0.23,0.79,1770422496345,2054.45
0.21,0.78,0.22,0.79,1770422496357,2054.45
0.2,0.78,0.22,0.79,1770422497147,2054.45
0.2,0.78,0.22,0.8,1770422497149,2054.45
0.2,0.79,0.22,0.8,1770422497155,2054.45
0.2,0.79,0.21,0.8,1770422497156,2054.45
0.2,0.82,0.21,0.83,1770422497320,2054.42
0.17,0.82,0.18,0.83,1770422497321,2054.42
0.15,0.82,0.18,0.83,1770422497335,2054.42
0.15,0.82,0.18,0.85,1770422497336,2054.42
0.15,0.83,0.18,0.85,1770422497338,2054.42
0.15,0.83,0.17,0.85,1770422497339,2054.42
0.15,0.84,0.17,0.85,1770422497366,2054.42
0.15,0.84,0.16,0.85,1770422497367,2054.42
0.15,0.83,0.16,0.85,1770422497953,2054.42
0.15,0.83,0.17,0.85,1770422497954,2054.42
0.16,0.83,0.17,0.85,1770422497994,2054.42
0.16,0.83,0.17,0.84,1770422498002,2054.42
0.16,0.82,0.17,0.84,1770422498659,2054.52
0.16,0.82,0.18,0.84,1770422498660,2054.52
0.16,0.82,0.17,0.84,1770422498678,2054.52
0.16,0.83,0.17,0.84,1770422498680,2054.52
0.15,0.83,0.17,0.84,1770422498884,2054.52
0.15,0.83,0.17,0.85,1770422498886,2054.52
0.15,0.84,0.17,0.85,1770422498906,2054.52
0.15,0.84,0.16,0.85,1770422498907,2054.52
0.15,0.84,0.17,0.85,1770422500124,2054.0
0.15,0.83,0.17,0.85,1770422500125,2054.0
0.15,0.83,0.16,0.85,1770422500146,2054.0
0.15,0.84,0.16,0.85,1770422500147,2054.0
0.15,0.84,0.17,0.85,1770422500172,2054.0
0.15,0.83,0.17,0.85,1770422500174,2054.0
0.15,0.84,0.17,0.85,1770422500180,2054.0
0.15,0.84,0.16,0.85,1770422500182,2054.0
0.15,0.83,0.16,0.85,1770422500289,2054.46
0.15,0.83,0.17,0.85,1770422500297,2054.46
0.15,0.82,0.17,0.85,1770422500312,2054.46
0.15,0.82,0.18,0.85,1770422500313,2054.46
0.15,0.83,0.18,0.85,1770422500321,2054.46
0.15,0.83,0.17,0.85,1770422500322,2054.46
0.16,0.83,0.17,0.85,1770422500327,2054.46
0.16,0.83,0.17,0.84,1770422500328,2054.46
0.16,0.83,0.18,0.84,1770422500515,2054.46
0.16,0.82,0.18,0.84,1770422500519,2054.46
0.17,0.82,0.18,0.84,1770422500582,2054.46
0.17,0.82,0.18,0.83,1770422500583,2054.46
0.17,0.81,0.18,0.83,1770422501763,2054.56
0.17,0.81,0.19,0.83,1770422501773,2054.56
0.18,0.81,0.19,0.83,1770422501802,2054.56
0.18,0.81,0.19,0.82,1770422501803,2054.56
0.17,0.81,0.18,0.82,1770422504886,2055.0
0.17,0.82,0.18,0.83,1770422504897,2055.0
0.17,0.84,0.18,0.85,1770422506318,2053.92
0.15,0.84,0.16,0.85,1770422506319,2053.92
0.15,0.83,0.16,0.85,1770422507629,2054.01
0.15,0.83,0.17,0.85,1770422507630,2054.01
0.16,0.83,0.17,0.85,1770422507643,2054.01
0.16,0.83,0.17,0.84,1770422507648,2054.01
0.15,0.83,0.17,0.84,1770422511738,2053.91
0.15,0.83,0.17,0.85,1770422511741,2053.91
0.15,0.84,0.17,0.85,1770422511743,2053.91
0.15,0.84,0.16,0.85,1770422511745,2053.91
0.15,0.83,0.16,0.85,1770422513403,2053.92
0.15,0.83,0.17,0.85,1770422513428,2053.92
0.16,0.83,0.17,0.85,1770422513478,2053.92
0.16,0.83,0.17,0.84,1770422513484,2053.92
0.16,0.82,0.17,0.84,1770422514957,2053.92
0.16,0.82,0.18,0.84,1770422514965,2053.92
0.17,0.82,0.18,0.84,1770422515044,2053.92
0.17,0.82,0.18,0.83,1770422515049,2053.92
0.17,0.81,0.18,0.83,1770422521260,2054.62
0.17,0.81,0.19,0.83,1770422521261,2054.62
0.18,0.81,0.19,0.83,1770422521296,2054.62
0.18,0.81,0.19,0.82,1770422521297,2054.62
0.18,0.81,0.2,0.82,1770422521831,2054.62
0.18,0.8,0.2,0.82,1770422521843,2054.62
0.19,0.8,0.2,0.82,1770422521868,2054.62
0.19,0.8,0.2,0.81,1770422521875,2054.62
0.18,0.8,0.19,0.81,1770422522440,2054.7
0.18,0.81,0.19,0.82,1770422522444,2054.7
0.18,0.8,0.19,0.82,1770422523754,2054.69
0.18,0.8,0.2,0.82,1770422523772,2054.69
0.18,0.79,0.2,0.82,1770422523774,2054.69
0.18,0.79,0.21,0.82,1770422523777,2054.69
0.19,0.79,0.21,0.82,1770422523788,2054.69
0.19,0.79,0.21,0.81,1770422523801,2054.69
0.19,0.79,0.21,0.8,1770422523810,2054.69
0.2,0.79,0.21,0.8,1770422523811,2054.69
0.2,0.78,0.21,0.8,1770422524552,2055.31
0.2,0.78,0.22,0.8,1770422524553,2055.31
0.2,0.78,0.21,0.8,1770422524573,2055.31
0.2,0.79,0.21,0.8,1770422524579,2055.31
0.2,0.79,0.22,0.8,1770422524632,2055.31
0.2,0.78,0.22,0.8,1770422524635,2055.31
0.21,0.78,0.22,0.8,1770422524652,2055.31
0.21,0.78,0.22,0.79,1770422524653,2055.31
0.24,0.78,0.25,0.79,1770422525577,2056.51
0.24,0.75,0.25,0.76,1770422525584,2056.51
0.24,0.74,0.25,0.76,1770422525710,2056.51
0.24,0.74,0.26,0.76,1770422525711,2056.51
0.25,0.74,0.26,0.76,1770422525749,2056.51
0.25,0.74,0.26,0.75,1770422525757,2056.51
0.25,0.73,0.26,0.75,1770422526353,2057.83
0.25,0.73,0.27,0.75,1770422526355,2057.83
0.26,0.73,0.27,0.74,1770422526356,2057.83
0.26,0.72,0.27,0.74,1770422526728,2057.83
0.26,0.72,0.28,0.74,1770422526734,2057.83
0.28,0.72,0.29,0.74,1770422526741,2057.83
0.28,0.71,0.29,0.72,1770422526742,2057.83
0.28,0.7,0.29,0.72,1770422527386,2058.41
0.28,0.7,0.3,0.72,1770422527387,2058.41
0.29,0.7,0.3,0.72,1770422527388,2058.41
0.29,0.7,0.3,0.71,1770422527394,2058.41
0.29,0.69,0.3,0.71,1770422528039,2058.41
0.29,0.69,0.31,0.71,1770422528040,2058.41
0.3,0.69,0.31,0.71,1770422528047,2058.41
0.3,0.69,0.31,0.7,1770422528048,2058.41
0.3,0.69,0.32,0.7,1770422528050,2058.41
0.3,0.68,0.32,0.7,1770422528051,2058.41
0.32,0.68,0.33,0.7,1770422528070,2058.41
0.32,0.67,0.33,0.68,1770422528071,2058.41
0.32,0.66,0.33,0.68,1770422528901,2059.24
0.32,0.66,0.34,0.68,1770422528902,2059.24
0.33,0.66,0.34,0.68,1770422528937,2059.24
0.33,0.66,0.34,0.67,1770422528940,2059.24
0.33,0.65,0.34,0.67,1770422529606,2059.3
0.33,0.65,0.35,0.67,1770422529607,2059.3
0.33,0.64,0.35,0.67,1770422529633,2059.3
0.33,0.64,0.36,0.67,1770422529634,2059.3
0.33,0.65,0.36,0.67,1770422529646,2059.3
0.33,0.65,0.35,0.67,1770422529648,2059.3
0.33,0.65,0.35,0.66,1770422529675,2059.3
0.34,0.65,0.35,0.66,1770422529676,2059.3
0.34,0.64,0.35,0.66,1770422529831,2059.3
0.34,0.64,0.36,0.66,1770422529832,2059.3
0.35,0.64,0.36,0.66,1770422529847,2059.3
0.35,0.64,0.36,0.65,1770422529848,2059.3
0.35,0.62,0.36,0.65,1770422530355,2060.37
0.35,0.62,0.38,0.65,1770422530356,2060.37
0.36,0.62,0.38,0.65,1770422530398,2060.37
0.36,0.62,0.38,0.64,1770422530404,2060.37
0.37,0.62,0.38,0.64,1770422530429,2060.37
0.37,0.62,0.38,0.63,1770422530431,2060.37
0.38,0.62,0.39,0.63,1770422530679,2060.37
0.38,0.61,0.39,0.62,1770422530680,2060.37
0.39,0.61,0.4,0.62,1770422530899,2060.37
0.39,0.6,0.4,0.61,1770422530900,2060.37
0.39,0.59,0.4,0.61,1770422531051,2060.37
0.39,0.59,0.41,0.61,1770422531052,2060.37
0.4,0.59,0.41,0.61,1770422531066,2060.37
0.4,0.59,0.41,0.6,1770422531067,2060.37
0.39,0.59,0.41,0.6,1770422531650,2060.97
0.39,0.59,0.41,0.61,1770422531651,2060.97
0.4,0.59,0.41,0.6,1770422531652,2060.97
0.4,0.6,0.41,0.61,1770422531665,2060.97
0.39,0.6,0.4,0.61,1770422531667,2060.97
0.38,0.6,0.39,0.61,1770422531705,2060.97
0.38,0.61,0.39,0.62,1770422531706,2060.97
0.37,0.61,0.38,0.62,1770422531720,2060.97
0.37,0.62,0.38,0.63,1770422531722,2060.97
0.35,0.62,0.36,0.63,1770422531730,2060.97
0.35,0.64,0.36,0.65,1770422531731,2060.97
0.34,0.64,0.35,0.65,1770422531882,2060.97
0.34,0.65,0.35,0.66,1770422531885,2060.97
0.33,0.65,0.34,0.66,1770422531891,2060.97
0.33,0.66,0.34,0.67,1770422531893,2060.97
0.32,0.66,0.34,0.67,1770422531911,2060.97
0.32,0.66,0.34,0.68,1770422531912,2060.97
0.32,0.67,0.34,0.68,1770422531952,2060.97
0.32,0.67,0.33,0.68,1770422531953,2060.97
0.31,0.67,0.33,0.68,1770422532225,2060.97
0.31,0.67,0.33,0.69,1770422532226,2060.97
0.31,0.68,0.33,0.69,1770422532236,2057.57
0.31,0.68,0.32,0.69,1770422532237,2057.57
0.29,0.68,0.32,0.69,1770422532357,2057.57
0.29,0.68,0.32,0.71,1770422532358,2057.57
0.29,0.69,0.32,0.71,1770422532365,2057.57
0.29,0.69,0.31,0.71,1770422532368,2057.57
0.29,0.7,0.31,0.71,1770422532382,2057.57
0.29,0.7,0.3,0.71,1770422532384,2057.57
0.29,0.71,0.3,0.72,1770422532389,2057.57
0.28,0.71,0.29,0.72,1770422532390,2057.57
0.28,0.72,0.29,0.73,1770422532978,2057.57
0.27,0.72,0.28,0.73,1770422532979,2057.57
0.27,0.73,0.28,0.74,1770422533049,2057.57
0.26,0.73,0.27,0.74,1770422533050,2057.57
0.25,0.73,0.27,0.74,1770422533785,2056.98
0.25,0.73,0.27,0.75,1770422533786,2056.98
0.25,0.74,0.27,0.75,1770422533798,2056.98
0.25,0.74,0.26,0.75,1770422533799,2056.98
0.24,0.74,0.26,0.75,1770422535867,2056.58
0.24,0.74,0.26,0.76,1770422535876,2056.58
0.24,0.75,0.26,0.76,1770422535877,2056.58
0.24,0.75,0.25,0.76,1770422535878,2056.58
0.23,0.75,0.25,0.76,1770422539494,2055.44
0.23,0.75,0.25,0.77,1770422539495,2055.44
0.23,0.76,0.25,0.77,1770422539496,2055.44
0.23,0.76,0.24,0.77,1770422539509,2055.44
0.23,0.75,0.24,0.77,1770422539707,2055.44
0.23,0.75,0.25,0.77,1770422539719,2055.44
0.23,0.76,0.25,0.77,1770422539751,2055.44
0.23,0.76,0.24,0.77,1770422539756,2055.44
0.23,0.75,0.24,0.77,1770422540045,2055.44
0.23,0.75,0.25,0.77,1770422540046,2055.44
0.24,0.75,0.25,0.77,1770422540092,2055.44
0.24,0.75,0.25,0.76,1770422540094,2055.44
0.23,0.75,0.25,0.76,1770422540368,2055.78
0.23,0.75,0.25,0.77,1770422540369,2055.78
0.24,0.75,0.25,0.77,1770422540401,2055.78
0.24,0.75,0.25,0.76,1770422540402,2055.78
0.23,0.75,0.25,0.76,1770422540873,2055.78
0.23,0.75,0.25,0.77,1770422540874,2055.78
0.23,0.76,0.25,0.77,1770422540927,2055.78
0.23,0.76,0.24,0.77,1770422540932,2055.78
0.23,0.78,0.24,0.79,1770422541436,2055.43
0.21,0.79,0.22,0.8,1770422541445,2055.43
0.2,0.79,0.21,0.8,1770422541446,2055.43
0.2,0.8,0.21,0.81,1770422541706,2055.43
0.19,0.81,0.2,0.82,1770422541714,2055.43
0.18,0.81,0.19,0.82,1770422541715,2055.43
0.18,0.8,0.19,0.82,1770422542687,2055.62
0.18,0.8,0.2,0.82,1770422542688,2055.62
0.19,0.8,0.2,0.82,1770422542718,2055.62
0.19,0.8,0.2,0.81,1770422542720,2055.62
0.19,0.79,0.2,0.81,1770422544062,2055.59
0.2,0.79,0.21,0.8,1770422544063,2055.59
0.2,0.78,0.21,0.8,1770422544916,2055.69
0.2,0.78,0.22,0.8,1770422544918,2055.69
0.21,0.78,0.22,0.8,1770422544953,2055.69
0.21,0.78,0.22,0.79,1770422544954,2055.69
0.21,0.77,0.22,0.79,1770422545777,2055.99
0.21,0.77,0.23,0.79,1770422545801,2055.99
0.22,0.77,0.23,0.79,1770422545820,2055.99
0.22,0.77,0.23,0.78,1770422545821,2055.99
0.21,0.77,0.23,0.78,1770422546655,2055.9
0.21,0.78,0.23,0.79,1770422546657,2055.9
0.21,0.78,0.22,0.79,1770422546667,2055.9
0.2,0.78,0.22,0.79,1770422546720,2055.9
0.2,0.79,0.22,0.8,1770422546721,2055.9
0.2,0.79,0.21,0.8,1770422546722,2055.9
0.19,0.79,0.21,0.8,1770422546799,2055.9
0.19,0.79,0.21,0.81,1770422546800,2055.9
0.19,0.8,0.21,0.81,1770422546833,2055.9
0.19,0.8,0.2,0.81,1770422546834,2055.9
0.19,0.81,0.2,0.82,1770422549454,2054.61
0.18,0.81,0.19,0.82,1770422549455,2054.61
0.17,0.81,0.19,0.82,1770422550078,2054.61
0.17,0.81,0.19,0.83,1770422550079,2054.61
0.17,0.82,0.19,0.83,1770422550103,2054.61
0.17,0.82,0.18,0.83,1770422550104,2054.61
0.17,0.81,0.18,0.83,1770422552343,2054.87
0.18,0.81,0.19,0.83,1770422552347,2054.87
0.18,0.81,0.19,0.82,1770422552348,2054.87
0.18,0.8,0.19,0.82,1770422553062,2054.87
0.18,0.8,0.2,0.82,1770422553081,2054.87
0.19,0.8,0.2,0.82,1770422553086,2054.87
0.19,0.8,0.2,0.81,1770422553087,2054.87
0.19,0.79,0.2,0.81,1770422553111,2054.87
0.19,0.79,0.21,0.81,1770422553112,2054.87
0.2,0.79,0.21,0.81,1770422553159,2054.87
0.2,0.79,0.21,0.8,1770422553162,2054.87
0.19,0.79,0.21,0.8,1770422554422,2055.6
0.19,0.79,0.21,0.81,1770422554423,2055.6
0.19,0.8,0.21,0.81,1770422554481,2055.6
0.19,0.8,0.2,0.81,1770422554485,2055.6
0.19,0.79,0.2,0.81,1770422558306,2055.58
0.2,0.79,0.21,0.81,1770422558327,2055.58
0.2,0.79,0.21,0.8,1770422558328,2055.58
0.2,0.78,0.21,0.8,1770422559743,2055.59
0.2,0.78,0.22,0.8,1770422559744,2055.59
0.21,0.78,0.22,0.8,1770422559754,2055.59
0.21,0.78,0.22,0.79,1770422559755,2055.59
0.21,0.77,0.22,0.79,1770422559878,2055.59
0.21,0.77,0.23,0.79,1770422559879,2055.59
0.22,0.77,0.23,0.79,1770422559912,2055.59
0.22,0.77,0.23,0.78,1770422559922,2055.59
0.22,0.76,0.23,0.78,1770422559958,2055.59
0.22,0.76,0.24,0.78,1770422559959,2055.59
0.23,0.76,0.24,0.78,1770422559960,2055.59
0.23,0.76,0.24,0.77,1770422559965,2055.59
0.22,0.76,0.24,0.77,1770422562901,2056.54
0.22,0.76,0.24,0.78,1770422562902,2056.54
0.22,0.77,0.24,0.78,1770422562916,2056.54
0.22,0.77,0.23,0.78,1770422562917,2056.54
0.22,0.79,0.23,0.8,1770422563383,2055.81
0.2,0.79,0.21,0.8,1770422563384,2055.81
0.2,0.78,0.21,0.8,1770422564156,2055.81
0.2,0.78,0.22,0.8,1770422564157,2055.81
0.2,0.79,0.22,0.8,1770422564207,2055.81
0.2,0.79,0.21,0.8,1770422564211,2055.81
0.2,0.78,0.21,0.8,1770422564796,2055.81
0.2,0.78,0.22,0.8,1770422564807,2055.81
0.21,0.78,0.22,0.8,1770422564866,2055.81
0.21,0.78,0.22,0.79,1770422564870,2055.81
0.21,0.77,0.22,0.79,1770422566232,2056.0
0.21,0.77,0.23,0.79,1770422566233,2056.0
0.22,0.77,0.23,0.79,1770422566256,2056.01
0.22,0.77,0.23,0.78,1770422566258,2056.01
0.22,0.77,0.24,0.78,1770422566673,2056.01
0.22,0.76,0.24,0.78,1770422566674,2056.01
0.23,0.76,0.24,0.78,1770422566722,2056.01
0.23,0.76,0.24,0.77,1770422566723,2056.01
0.23,0.76,0.24,0.78,1770422567954,2056.56
0.22,0.76,0.24,0.78,1770422567956,2056.56
0.22,0.77,0.24,0.78,1770422567957,2056.56
0.22,0.77,0.23,0.78,1770422567965,2056.56
0.22,0.78,0.23,0.8,1770422569259,2055.9
0.2,0.78,0.22,0.8,1770422569260,2055.9
0.21,0.78,0.22,0.8,1770422569276,2055.9
0.21,0.78,0.22,0.79,1770422569279,2055.9
0.2,0.78,0.22,0.79,1770422569367,2055.9
0.2,0.78,0.22,0.8,1770422569368,2055.9
0.2,0.79,0.22,0.8,1770422569417,2055.9
0.2,0.79,0.21,0.8,1770422569418,2055.9
0.2,0.78,0.21,0.8,1770422573427,2055.61
0.2,0.78,0.22,0.8,1770422573431,2055.61
0.2,0.78,0.21,0.8,1770422573434,2055.61
0.2,0.79,0.21,0.8,1770422573448,2055.61
0.2,0.79,0.22,0.8,1770422573459,2055.61
0.2,0.78,0.22,0.8,1770422573460,2055.61
0.21,0.78,0.22,0.8,1770422573468,2055.61
0.21,0.78,0.22,0.79,1770422573472,2055.61
0.21,0.77,0.22,0.79,1770422574056,2055.61
0.21,0.77,0.23,0.79,1770422574057,2055.61
0.22,0.77,0.23,0.79,1770422574082,2055.61
0.22,0.77,0.23,0.78,1770422574083,2055.61
0.22,0.76,0.23,0.78,1770422576390,2056.5
0.22,0.76,0.24,0.78,1770422576409,2056.5
0.23,0.76,0.24,0.78,1770422576438,2056.5
0.23,0.76,0.24,0.77,1770422576439,2056.5
0.23,0.76,0.24,0.78,1770422576927,2056.5
0.22,0.76,0.24,0.78,1770422576928,2056.5
0.22,0.77,0.24,0.78,1770422576940,2056.5
0.22,0.77,0.23,0.78,1770422576946,2056.5
0.22,0.77,0.23,0.79,1770422577004,2056.5
0.21,0.77,0.23,0.79,1770422577006,2056.5
0.21,0.78,0.23,0.79,1770422577049,2056.5
0.21,0.78,0.22,0.79,1770422577050,2056.5
0.21,0.79,0.22,0.8,1770422580694,2055.85
0.2,0.79,0.21,0.8,1770422580695,2055.85
0.2,0.78,0.21,0.8,1770422581821,2055.4
0.2,0.78,0.22,0.8,1770422581837,2055.4
0.21,0.78,0.22,0.8,1770422581861,2055.4
0.21,0.78,0.22,0.79,1770422581862,2055.4
0.21,0.77,0.22,0.79,1770422582482,2056.01
0.21,0.77,0.23,0.79,1770422582484,2056.01
0.22,0.77,0.23,0.79,1770422582517,2056.01
0.22,0.77,0.23,0.78,1770422582518,2056.01
0.21,0.77,0.23,0.78,1770422582810,2056.01
0.21,0.77,0.23,0.79,1770422582811,2056.01
0.21,0.77,0.23,0.78,1770422582887,2056.01
0.22,0.77,0.23,0.78,1770422582890,2056.01
0.21,0.77,0.23,0.78,1770422583085,2056.01
0.21,0.77,0.23,0.79,1770422583086,2056.01
0.21,0.78,0.23,0.79,1770422583344,2056.05
0.21,0.78,0.22,0.79,1770422583346,2056.05
0.21,0.77,0.22,0.79,1770422583981,2056.05
0.21,0.77,0.23,0.79,1770422584000,2056.05
0.22,0.77,0.23,0.79,1770422584009,2056.05
0.22,0.77,0.23,0.78,1770422584010,2056.05
0.21,0.77,0.23,0.78,1770422584099,2056.05
0.21,0.77,0.23,0.79,1770422584100,2056.05
0.22,0.77,0.23,0.79,1770422584105,2056.05
0.22,0.77,0.23,0.78,1770422584108,2056.05
0.21,0.77,0.23,0.78,1770422585657,2056.64
0.21,0.77,0.23,0.79,1770422585659,2056.64
0.21,0.77,0.22,0.79,1770422585722,2056.64
0.21,0.78,0.22,0.79,1770422585723,2056.64
0.21,0.77,0.22,0.79,1770422588048,2056.12
0.21,0.77,0.23,0.79,1770422588049,2056.12
0.22,0.77,0.23,0.79,1770422588093,2056.12
0.22,0.77,0.23,0.78,1770422588096,2056.12
0.25,0.77,0.26,0.78,1770422591868,2056.75
0.25,0.74,0.26,0.75,1770422591870,2056.75
0.25,0.74,0.27,0.75,1770422592913,2057.34
0.25,0.73,0.27,0.75,1770422592915,2057.34
0.26,0.73,0.27,0.75,1770422592965,2057.34
0.26,0.73,0.27,0.74,1770422592966,2057.34
0.26,0.72,0.27,0.74,1770422593815,2057.7
0.26,0.72,0.28,0.74,1770422593816,2057.7
0.26,0.72,0.28,0.73,1770422593884,2057.7
0.27,0.72,0.28,0.73,1770422593916,2057.7
0.27,0.72,0.29,0.73,1770422595813,2057.78
0.27,0.71,0.29,0.73,1770422595814,2057.78
0.27,0.71,0.28,0.73,1770422595829,2057.78
0.27,0.71,0.29,0.73,1770422595836,2057.78
0.27,0.7,0.29,0.73,1770422595842,2057.78
0.27,0.7,0.3,0.73,1770422595844,2057.78
0.27,0.71,0.3,0.73,1770422595845,2057.78
0.27,0.71,0.29,0.73,1770422595849,2057.78
0.27,0.72,0.29,0.73,1770422595865,2057.78
0.27,0.72,0.28,0.73,1770422595866,2057.78
0.27,0.71,0.28,0.73,1770422596267,2058.14
0.27,0.71,0.29,0.73,1770422596268,2058.14
0.27,0.71,0.28,0.73,1770422596283,2058.14
0.27,0.72,0.28,0.73,1770422596329,2058.14
0.27,0.72,0.29,0.73,1770422596375,2058.14
0.27,0.71,0.29,0.73,1770422596378,2058.14
0.28,0.71,0.29,0.73,1770422596440,2058.14
0.28,0.71,0.29,0.72,1770422596441,2058.14
0.27,0.71,0.29,0.72,1770422596817,2058.14
0.27,0.71,0.29,0.73,1770422596827,2058.14
0.27,0.72,0.29,0.73,1770422596858,2058.14
0.27,0.72,0.28,0.73,1770422596859,2058.14
0.25,0.72,0.28,0.73,1770422598009,2057.95
0.25,0.72,0.28,0.75,1770422598010,2057.95
0.25,0.73,0.28,0.75,1770422598014,2057.95
0.25,0.73,0.27,0.75,1770422598026,2057.95
0.25,0.74,0.27,0.75,1770422598081,2057.95
0.25,0.74,0.26,0.75,1770422598082,2057.95
0.25,0.73,0.26,0.75,1770422600632,2057.36
0.25,0.73,0.27,0.75,1770422600649,2057.36
0.25,0.74,0.27,0.75,1770422600673,2057.36
0.25,0.74,0.26,0.75,1770422600674,2057.36
0.25,0.73,0.26,0.75,1770422601030,2057.36
0.25,0.73,0.27,0.75,1770422601036,2057.36
0.26,0.73,0.27,0.75,1770422601140,2057.36
0.26,0.73,0.27,0.74,1770422601148,2057.36
0.25,0.73,0.27,0.74,1770422601211,2057.36
0.25,0.73,0.27,0.75,1770422601212,2057.36
0.26,0.73,0.27,0.75,1770422601449,2057.71
0.26,0.73,0.27,0.74,1770422601453,2057.71
0.26,0.73,0.28,0.74,1770422602676,2057.67
0.26,0.72,0.28,0.74,1770422602677,2057.67
0.26,0.73,0.28,0.74,1770422602701,2057.67
0.26,0.73,0.27,0.74,1770422602702,2057.67
0.26,0.72,0.27,0.74,1770422602749,2057.67
0.26,0.72,0.28,0.74,1770422602762,2057.67
0.27,0.72,0.28,0.74,1770422602783,2057.67
0.27,0.72,0.28,0.73,1770422602785,2057.67
0.27,0.72,0.29,0.73,1770422602896,2057.67
0.27,0.71,0.29,0.73,1770422602899,2057.67
0.28,0.71,0.29,0.73,1770422602949,2057.67
0.28,0.71,0.29,0.72,1770422602950,2057.67
0.27,0.71,0.29,0.72,1770422602970,2057.67
0.27,0.71,0.29,0.73,1770422602971,2057.67
0.28,0.71,0.29,0.73,1770422602987,2057.67
0.28,0.71,0.29,0.72,1770422602988,2057.67
0.28,0.71,0.3,0.72,1770422603096,2057.67
0.28,0.7,0.3,0.72,1770422603098,2057.67
0.29,0.7,0.3,0.72,1770422603143,2057.67
0.29,0.7,0.3,0.71,1770422603146,2057.67
0.28,0.7,0.3,0.71,1770422603216,2058.29
0.28,0.7,0.3,0.72,1770422603218,2058.29
0.29,0.7,0.3,0.72,1770422603253,2058.29
0.29,0.7,0.3,0.71,1770422603254,2058.29
0.3,0.7,0.31,0.71,1770422603305,2058.29
0.3,0.69,0.31,0.7,1770422603323,2058.29
0.28,0.69,0.31,0.7,1770422603808,2058.29
0.28,0.69,0.31,0.72,1770422603811,2058.29
0.28,0.7,0.31,0.72,1770422603814,2058.29
0.28,0.7,0.3,0.72,1770422603843,2058.29
0.28,0.7,0.3,0.71,1770422603934,2058.29
0.29,0.7,0.3,0.71,1770422603935,2058.29
0.29,0.7,0.3,0.72,1770422603962,2058.29
0.28,0.7,0.3,0.72,1770422603963,2058.29
0.29,0.7,0.3,0.72,1770422604447,2058.28
0.29,0.7,0.3,0.71,1770422604477,2058.28
0.29,0.69,0.3,0.71,1770422605795,2058.28
0.29,0.69,0.31,0.71,1770422605803,2058.28
0.3,0.69,0.31,0.71,1770422605859,2058.28
0.3,0.69,0.31,0.7,1770422605861,2058.28
0.3,0.68,0.31,0.7,1770422606478,2058.41
0.3,0.68,0.32,0.7,1770422606479,2058.41
0.31,0.68,0.32,0.7,1770422606571,2058.41
0.31,0.68,0.32,0.69,1770422606575,2058.41
0.31,0.67,0.32,0.69,1770422607563,2058.7
0.31,0.67,0.33,0.69,1770422607564,2058.7
0.32,0.67,0.33,0.69,1770422607636,2058.7
0.32,0.67,0.33,0.68,1770422607641,2058.7
0.32,0.66,0.33,0.68,1770422609762,2058.93
0.32,0.66,0.34,0.68,1770422609764,2058.93
0.33,0.66,0.34,0.68,1770422609773,2058.93
0.33,0.66,0.34,0.67,1770422609776,2058.93
0.33,0.65,0.34,0.67,1770422610214,2058.93
0.33,0.65,0.35,0.67,1770422610215,2058.93
0.34,0.65,0.35,0.67,1770422610264,2059.36
0.34,0.65,0.35,0.66,1770422610265,2059.36
0.33,0.65,0.35,0.66,1770422610321,2059.36
0.33,0.65,0.35,0.67,1770422610322,2059.36
0.34,0.65,0.35,0.67,1770422610577,2059.36
0.34,0.65,0.35,0.66,1770422610584,2059.36
0.34,0.64,0.35,0.66,1770422611463,2059.76
0.34,0.64,0.36,0.66,1770422611464,2059.76
0.34,0.65,0.36,0.66,1770422611610,2059.76
0.34,0.65,0.35,0.66,1770422611613,2059.76
0.33,0.65,0.35,0.66,1770422612094,2059.76
0.33,0.65,0.35,0.67,1770422612095,2059.76
0.33,0.66,0.35,0.67,1770422612143,2059.76
0.33,0.66,0.34,0.67,1770422612144,2059.76
0.32,0.66,0.34,0.67,1770422613701,2059.35
0.32,0.66,0.34,0.68,1770422613702,2059.35
0.32,0.67,0.34,0.68,1770422613718,2059.35
0.32,0.67,0.33,0.68,1770422613720,2059.35
0.31,0.67,0.33,0.68,1770422614157,2059.35
0.31,0.67,0.33,0.69,1770422614161,2059.35
0.31,0.67,0.32,0.69,1770422614207,2059.35
0.31,0.68,0.32,0.69,1770422614213,2059.35
0.31,0.67,0.32,0.69,1770422615798,2059.0
0.31,0.67,0.33,0.69,1770422615812,2059.0
0.32,0.67,0.33,0.69,1770422615839,2059.0
0.32,0.67,0.33,0.68,1770422615840,2059.0
0.32,0.66,0.33,0.68,1770422617000,2058.99
0.32,0.66,0.35,0.68,1770422617011,2058.99
0.33,0.65,0.35,0.68,1770422617012,2058.99
0.33,0.65,0.35,0.67,1770422617013,2058.99
0.34,0.65,0.35,0.67,1770422617069,2058.99
0.34,0.65,0.35,0.66,1770422617070,2058.99
0.34,0.63,0.35,0.66,1770422618996,2059.36
0.34,0.63,0.37,0.66,1770422618998,2059.36
0.35,0.63,0.37,0.66,1770422618999,2059.36
0.35,0.63,0.37,0.65,1770422619000,2059.36
0.36,0.63,0.37,0.65,1770422619045,2059.36
0.36,0.63,0.37,0.64,1770422619046,2059.36
0.37,0.63,0.38,0.64,1770422619376,2059.73
0.37,0.62,0.38,0.63,1770422619386,2059.73
0.37,0.65,0.38,0.66,1770422620192,2059.73
0.34,0.65,0.35,0.66,1770422620193,2059.73
0.33,0.65,0.35,0.66,1770422620320,2059.23
0.33,0.65,0.35,0.67,1770422620324,2059.23
0.33,0.66,0.35,0.67,1770422620370,2059.23
0.33,0.66,0.34,0.67,1770422620374,2059.23
0.33,0.69,0.34,0.7,1770422623690,2059.24
0.3,0.69,0.31,0.7,1770422623691,2059.24
0.3,0.7,0.31,0.71,1770422623965,2059.24
0.29,0.7,0.3,0.71,1770422623966,2059.24
0.29,0.71,0.3,0.72,1770422623981,2059.24
0.28,0.71,0.29,0.72,1770422623991,2059.24
0.28,0.7,0.29,0.72,1770422625706,2058.31
0.28,0.7,0.3,0.72,1770422625707,2058.31
0.29,0.7,0.3,0.72,1770422625730,2058.31
0.29,0.7,0.3,0.71,1770422625731,2058.31
0.29,0.7,0.31,0.71,1770422625862,2058.31
0.29,0.69,0.31,0.71,1770422625863,2058.31
0.3,0.69,0.31,0.71,1770422625889,2058.31
0.3,0.69,0.31,0.7,1770422625891,2058.31
0.3,0.68,0.31,0.7,1770422626030,2058.31
0.3,0.68,0.32,0.7,1770422626032,2058.31
0.3,0.68,0.32,0.69,1770422626071,2058.31
0.31,0.68,0.32,0.69,1770422626082,2058.31
0.31,0.68,0.33,0.69,1770422627757,2058.8
0.31,0.67,0.33,0.69,1770422627758,2058.8
0.31,0.67,0.33,0.68,1770422627794,2058.8
0.32,0.67,0.33,0.68,1770422627795,2058.8
0.31,0.67,0.33,0.68,1770422628009,2058.8
0.31,0.67,0.33,0.69,1770422628010,2058.8
0.31,0.68,0.33,0.69,1770422628060,2058.8
0.31,0.68,0.32,0.69,1770422628064,2058.8
0.31,0.68,0.34,0.69,1770422629817,2059.06
0.32,0.66,0.34,0.68,1770422629821,2059.06
0.33,0.66,0.34,0.68,1770422629907,2059.06
0.33,0.66,0.34,0.67,1770422629908,2059.06
0.33,0.66,0.34,0.68,1770422631321,2059.23
0.32,0.66,0.34,0.68,1770422631322,2059.23
0.32,0.67,0.34,0.68,1770422631361,2059.23
0.32,0.67,0.33,0.68,1770422631364,2059.23
0.32,0.7,0.33,0.72,1770422632954,2059.05
0.28,0.7,0.3,0.72,1770422632955,2059.05
0.28,0.71,0.3,0.72,1770422633001,2059.05
0.28,0.71,0.29,0.72,1770422633002,2059.05
0.27,0.71,0.29,0.72,1770422633951,2057.92
0.27,0.71,0.29,0.73,1770422633952,2057.92
0.28,0.71,0.29,0.73,1770422633986,2057.92
0.28,0.71,0.29,0.72,1770422633987,2057.92
0.27,0.71,0.29,0.72,1770422634116,2057.92
0.27,0.71,0.29,0.73,1770422634121,2057.92
0.28,0.71,0.29,0.73,1770422634154,2057.92
0.28,0.71,0.29,0.72,1770422634163,2057.92
0.27,0.71,0.29,0.72,1770422634344,2057.91
0.27,0.71,0.29,0.73,1770422634348,2057.91
0.28,0.71,0.29,0.73,1770422634376,2057.91
0.28,0.71,0.29,0.72,1770422634377,2057.91
0.27,0.71,0.29,0.72,1770422634562,2057.91
0.27,0.71,0.29,0.73,1770422634585,2057.91
0.28,0.71,0.29,0.73,1770422634603,2057.91
0.28,0.71,0.29,0.72,1770422634609,2057.91
0.27,0.71,0.29,0.72,1770422634715,2057.91
0.27,0.71,0.29,0.73,1770422634721,2057.91
0.27,0.72,0.29,0.73,1770422634770,2057.91
0.27,0.72,0.28,0.73,1770422634771,2057.91
0.27,0.71,0.28,0.73,1770422635832,2057.91
0.27,0.71,0.29,0.73,1770422635833,2057.91
0.27,0.72,0.29,0.73,1770422635844,2057.91
0.27,0.72,0.28,0.73,1770422635845,2057.91
0.27,0.71,0.28,0.73,1770422635881,2057.91
0.28,0.71,0.29,0.73,1770422635882,2057.91
0.28,0.71,0.29,0.72,1770422635883,2057.91
0.28,0.7,0.29,0.72,1770422636258,2058.26
0.28,0.7,0.3,0.72,1770422636261,2058.26
0.3,0.7,0.31,0.72,1770422636294,2058.26
0.3,0.69,0.31,0.7,1770422636295,2058.26
0.29,0.69,0.31,0.7,1770422637968,2058.25
0.29,0.69,0.31,0.71,1770422637969,2058.25
0.29,0.69,0.3,0.71,1770422638034,2058.25
0.29,0.7,0.3,0.71,1770422638036,2058.25
0.27,0.7,0.3,0.71,1770422638409,2057.87
0.27,0.7,0.3,0.73,1770422638410,2057.87
0.27,0.71,0.3,0.73,1770422638440,2057.87
0.27,0.71,0.29,0.73,1770422638441,2057.87
0.27,0.72,0.29,0.73,1770422638468,2057.87
0.27,0.72,0.28,0.73,1770422638469,2057.87
0.27,0.73,0.28,0.74,1770422638656,2057.87
0.26,0.73,0.27,0.74,1770422638657,2057.87
0.26,0.72,0.27,0.74,1770422641300,2057.88
0.26,0.72,0.28,0.74,1770422641301,2057.88
0.27,0.72,0.28,0.74,1770422641348,2057.88
0.27,0.72,0.28,0.73,1770422641349,2057.88
0.27,0.72,0.28,0.74,1770422641613,2057.88
0.26,0.72,0.28,0.74,1770422641618,2057.88
0.26,0.73,0.28,0.74,1770422641635,2057.88
0.26,0.73,0.27,0.74,1770422641640,2057.88
0.26,0.73,0.29,0.74,1770422642759,2057.53
0.26,0.71,0.29,0.74,1770422642763,2057.53
0.27,0.71,0.29,0.74,1770422642765,2057.53
0.27,0.71,0.29,0.73,1770422642781,2057.53
0.28,0.71,0.29,0.73,1770422642807,2057.53
0.28,0.71,0.29,0.72,1770422642818,2057.53
0.28,0.71,0.29,0.73,1770422644523,2058.07
0.27,0.71,0.29,0.73,1770422644524,2058.07
0.28,0.71,0.29,0.73,1770422644599,2058.07
0.28,0.71,0.29,0.72,1770422644602,2058.07
0.28,0.69,0.29,0.72,1770422645400,2058.11
0.28,0.69,0.31,0.72,1770422645401,2058.11
0.29,0.69,0.31,0.72,1770422645435,2058.11
0.29,0.69,0.31,0.71,1770422645436,2058.11
0.29,0.7,0.31,0.71,1770422645462,2058.11
0.29,0.7,0.3,0.71,1770422645465,2058.11
0.28,0.7,0.3,0.71,1770422647481,2058.27
0.28,0.7,0.3,0.72,1770422647482,2058.27
0.29,0.7,0.3,0.72,1770422647538,2058.27
0.28,0.7,0.3,0.71,1770422647540,2058.27
0.28,0.7,0.3,0.72,1770422647542,2058.27
0.28,0.7,0.3,0.71,1770422647551,2058.27
0.29,0.7,0.3,0.71,1770422647560,2058.27
0.29,0.69,0.3,0.71,1770422648693,2058.28
0.29,0.69,0.31,0.71,1770422648694,2058.28
0.29,0.69,0.31,0.7,1770422648744,2058.28
0.3,0.69,0.31,0.7,1770422648745,2058.28
0.29,0.69,0.31,0.7,1770422648818,2058.28
0.3,0.69,0.31,0.7,1770422648824,2058.28
0.3,0.69,0.31,0.71,1770422648858,2058.28
0.29,0.69,0.31,0.71,1770422648859,2058.28
0.29,0.69,0.31,0.7,1770422648882,2058.28
0.3,0.69,0.31,0.7,1770422648899,2058.28
0.3,0.69,0.31,0.71,1770422648913,2058.28
0.29,0.69,0.31,0.71,1770422648938,2058.28
0.3,0.69,0.31,0.71,1770422648988,2058.28
0.3,0.69,0.31,0.7,1770422648989,2058.28
0.3,0.67,0.31,0.7,1770422649938,2058.44
0.3,0.67,0.33,0.7,1770422649939,2058.44
0.31,0.67,0.33,0.7,1770422650087,2058.44
0.31,0.67,0.33,0.69,1770422650088,2058.44
0.32,0.67,0.33,0.69,1770422650109,2058.44
0.32,0.67,0.33,0.68,1770422650117,2058.44
0.31,0.67,0.33,0.68,1770422650537,2058.84
0.31,0.67,0.33,0.69,1770422650539,2058.84
0.31,0.68,0.33,0.69,1770422650776,2058.84
0.31,0.68,0.32,0.69,1770422650777,2058.84
0.29,0.68,0.32,0.69,1770422651165,2058.84
0.29,0.68,0.32,0.71,1770422651166,2058.84
0.29,0.69,0.32,0.71,1770422651190,2058.84
0.29,0.69,0.31,0.71,1770422651192,2058.84
0.29,0.7,0.31,0.71,1770422651218,2058.84
0.29,0.7,0.3,0.71,1770422651219,2058.84
0.29,0.71,0.3,0.72,1770422651564,2058.47
0.28,0.71,0.29,0.72,1770422651566,2058.47
0.28,0.7,0.29,0.72,1770422657387,2058.09
0.28,0.7,0.3,0.72,1770422657388,2058.09
0.29,0.7,0.3,0.72,1770422657446,2058.09
0.29,0.7,0.3,0.71,1770422657447,2058.09
0.29,0.69,0.3,0.71,1770422658036,2058.09
0.29,0.69,0.31,0.71,1770422658037,2058.09
0.3,0.69,0.31,0.71,1770422658079,2058.09
0.3,0.69,0.31,0.7,1770422658080,2058.09
0.29,0.69,0.31,0.7,1770422659542,2058.56
0.29,0.69,0.31,0.71,1770422659543,2058.56
0.29,0.7,0.31,0.71,1770422659599,2058.56
0.29,0.7,0.3,0.71,1770422659601,2058.56
0.29,0.69,0.3,0.71,1770422661928,2058.72
0.29,0.69,0.31,0.71,1770422661929,2058.72
0.3,0.69,0.31,0.71,1770422661967,2058.72
0.3,0.69,0.31,0.7,1770422661968,2058.72
0.3,0.69,0.31,0.71,1770422664895,2058.87
0.29,0.69,0.31,0.71,1770422664896,2058.87
0.29,0.69,0.3,0.71,1770422664932,2058.87
0.29,0.7,0.3,0.71,1770422664933,2058.87
0.28,0.7,0.3,0.71,1770422665141,2058.87
0.28,0.7,0.3,0.72,1770422665142,2058.87
0.28,0.71,0.3,0.72,1770422665179,2058.87
0.28,0.71,0.29,0.72,1770422665181,2058.87
0.27,0.71,0.29,0.72,1770422671602,2058.17
0.27,0.71,0.29,0.73,1770422671603,2058.17
0.27,0.72,0.29,0.73,1770422671654,2058.17
0.27,0.72,0.28,0.73,1770422671656,2058.17
0.27,0.71,0.28,0.73,1770422672447,2058.4
0.27,0.71,0.29,0.73,1770422672448,2058.4
0.28,0.71,0.29,0.73,1770422672500,2058.4
0.28,0.71,0.29,0.72,1770422672501,2058.4
0.28,0.7,0.29,0.72,1770422674078,2058.41
0.28,0.7,0.3,0.72,1770422674079,2058.41
0.29,0.7,0.3,0.72,1770422674120,2058.41
0.29,0.7,0.3,0.71,1770422674121,2058.41
0.29,0.7,0.32,0.71,1770422677948,2059.0
0.29,0.68,0.32,0.71,1770422677951,2059.0
0.3,0.68,0.32,0.71,1770422677963,2059.0
0.3,0.68,0.32,0.7,1770422677965,2059.0
0.31,0.68,0.32,0.7,1770422677967,2059.0
0.31,0.68,0.32,0.69,1770422677983,2059.0
0.31,0.67,0.32,0.69,1770422686349,2059.65
0.31,0.67,0.33,0.69,1770422686350,2059.65
0.32,0.67,0.33,0.69,1770422686357,2059.65
0.32,0.67,0.33,0.68,1770422686358,2059.65
0.31,0.67,0.33,0.68,1770422686622,2059.65
0.31,0.67,0.33,0.69,1770422686623,2059.65
0.3,0.67,0.33,0.69,1770422686645,2059.65
0.3,0.67,0.33,0.7,1770422686646,2059.65
0.3,0.67,0.32,0.7,1770422686654,2059.65
0.3,0.68,0.32,0.7,1770422686655,2059.65
0.3,0.69,0.32,0.7,1770422686662,2059.65
0.3,0.69,0.31,0.7,1770422686663,2059.65
0.29,0.69,0.31,0.7,1770422687620,2058.82
0.29,0.69,0.31,0.71,1770422687624,2058.82
0.29,0.7,0.31,0.71,1770422687644,2058.82
0.29,0.7,0.3,0.71,1770422687645,2058.82
0.28,0.7,0.3,0.71,1770422687880,2058.82
0.28,0.7,0.3,0.72,1770422687886,2058.82
0.28,0.71,0.3,0.72,1770422687891,2058.82
0.28,0.71,0.29,0.72,1770422687895,2058.82
0.28,0.71,0.29,0.73,1770422689598,2058.56
0.28,0.71,0.29,0.72,1770422689599,2058.56
0.27,0.71,0.29,0.72,1770422692427,2058.2
0.27,0.71,0.29,0.73,1770422692428,2058.2
0.27,0.72,0.29,0.73,1770422692444,2058.2
0.27,0.72,0.28,0.73,1770422692445,2058.2
0.26,0.72,0.28,0.73,1770422693836,2058.11
0.26,0.72,0.28,0.74,1770422693837,2058.11
0.26,0.72,0.28,0.75,1770422693853,2058.11
0.25,0.72,0.28,0.74,1770422693859,2058.11
0.26,0.72,0.28,0.74,1770422693860,2058.11
0.26,0.73,0.28,0.74,1770422693886,2058.11
0.26,0.73,0.27,0.74,1770422693887,2058.11
0.26,0.73,0.27,0.75,1770422693956,2058.11
0.25,0.73,0.27,0.75,1770422693960,2058.11
0.25,0.73,0.26,0.75,1770422693999,2058.11
0.25,0.74,0.26,0.75,1770422694004,2058.11
0.25,0.74,0.26,0.76,1770422695593,2057.23
0.24,0.75,0.26,0.76,1770422695595,2057.23
0.24,0.75,0.25,0.76,1770422695620,2057.23
0.23,0.75,0.25,0.76,1770422696008,2057.23
0.23,0.75,0.25,0.77,1770422696009,2057.23
0.23,0.75,0.24,0.77,1770422696056,2057.23
0.23,0.76,0.24,0.77,1770422696057,2057.23
0.22,0.76,0.24,0.77,1770422697700,2057.24
0.22,0.76,0.24,0.78,1770422697703,2057.24
0.22,0.76,0.23,0.78,1770422697740,2057.24
0.22,0.77,0.23,0.78,1770422697741,2057.24
0.22,0.77,0.23,0.79,1770422697857,2057.24
0.21,0.77,0.23,0.79,1770422697858,2057.24
0.21,0.77,0.22,0.79,1770422697906,2057.24
0.21,0.78,0.22,0.79,1770422697907,2057.24
0.2,0.78,0.22,0.79,1770422701402,2056.63
0.2,0.78,0.22,0.8,1770422701403,2056.63
0.2,0.79,0.22,0.8,1770422701416,2056.63
0.2,0.79,0.21,0.8,1770422701417,2056.63
0.2,0.79,0.21,0.81,1770422702036,2056.63
0.19,0.79,0.21,0.81,1770422702038,2056.63
0.2,0.79,0.21,0.81,1770422702042,2056.63
0.2,0.79,0.21,0.8,1770422702044,2056.63
0.2,0.78,0.21,0.8,1770422703314,2057.21
0.2,0.78,0.22,0.8,1770422703330,2057.21
0.2,0.78,0.22,0.79,1770422703346,2057.21
0.21,0.78,0.22,0.79,1770422703347,2057.21
0.2,0.78,0.22,0.79,1770422703552,2057.21
0.2,0.78,0.22,0.8,1770422703555,2057.21
0.2,0.79,0.22,0.8,1770422703612,2057.21
0.2,0.79,0.21,0.8,1770422703613,2057.21
0.2,0.8,0.21,0.81,1770422703668,2057.21
0.19,0.8,0.2,0.81,1770422703669,2057.21
0.17,0.8,0.2,0.81,1770422704899,2056.93
0.17,0.8,0.2,0.83,1770422704900,2056.93
0.18,0.8,0.2,0.83,1770422704922,2056.93
0.18,0.8,0.2,0.82,1770422704923,2056.93
0.18,0.81,0.2,0.82,1770422704956,2056.93
0.18,0.81,0.19,0.82,1770422704957,2056.93
0.18,0.8,0.19,0.82,1770422707181,2056.84
0.18,0.8,0.2,0.82,1770422707182,2056.84
0.18,0.8,0.2,0.81,1770422707213,2056.84
0.19,0.8,0.2,0.81,1770422707219,2056.84
0.18,0.8,0.2,0.81,1770422713559,2056.77
0.18,0.8,0.2,0.82,1770422713560,2056.77
0.18,0.81,0.2,0.82,1770422713609,2056.77
0.18,0.81,0.19,0.82,1770422713610,2056.77
0.16,0.81,0.19,0.82,1770422718494,2056.06
0.16,0.81,0.19,0.84,1770422718495,2056.06
0.16,0.82,0.19,0.84,1770422718511,2056.06
0.16,0.82,0.18,0.84,1770422718522,2056.06
0.16,0.82,0.17,0.84,1770422718584,2056.06
0.16,0.83,0.17,0.84,1770422718585,2056.06
0.16,0.83,0.17,0.85,1770422719554,2056.07
0.15,0.83,0.17,0.85,1770422719555,2056.07
0.15,0.84,0.17,0.85,1770422719557,2056.07
0.15,0.84,0.16,0.85,1770422719564,2056.07
0.14,0.84,0.16,0.85,1770422720191,2056.07
0.14,0.84,0.16,0.86,1770422720192,2056.07
0.14,0.85,0.16,0.86,1770422720216,2056.07
0.14,0.85,0.15,0.86,1770422720222,2056.07
0.13,0.85,0.15,0.86,1770422720245,2056.07
0.13,0.85,0.15,0.87,1770422720246,2056.07
0.12,0.85,0.15,0.87,1770422720325,2054.97
0.12,0.85,0.15,0.88,1770422720326,2054.97
0.12,0.86,0.14,0.88,1770422720328,2054.97
0.13,0.86,0.14,0.87,1770422720329,2054.97
0.13,0.85,0.14,0.87,1770422721657,2055.13
0.13,0.85,0.15,0.87,1770422721659,2055.13
0.14,0.85,0.15,0.87,1770422721676,2055.13
0.14,0.85,0.15,0.86,1770422721677,2055.13
0.14,0.85,0.16,0.86,1770422724495,2055.7
0.14,0.84,0.16,0.86,1770422724496,2055.7
0.15,0.84,0.16,0.86,1770422724519,2055.7
0.15,0.84,0.16,0.85,1770422724520,2055.7
0.14,0.84,0.16,0.85,1770422728398,2055.8
0.14,0.84,0.16,0.86,1770422728399,2055.8
0.14,0.85,0.16,0.86,1770422728427,2055.8
0.14,0.85,0.15,0.86,1770422728431,2055.8
0.13,0.85,0.15,0.86,1770422733761,2055.4
0.13,0.85,0.15,0.87,1770422733768,2055.4
0.13,0.86,0.15,0.87,1770422733775,2055.4
0.13,0.86,0.14,0.87,1770422733778,2055.4
0.12,0.86,0.14,0.87,1770422734650,2054.77
0.12,0.86,0.14,0.88,1770422734651,2054.77
0.11,0.86,0.14,0.88,1770422734663,2054.77
0.11,0.86,0.14,0.89,1770422734682,2054.77
0.11,0.88,0.12,0.89,1770422734683,2054.77
0.11,0.87,0.12,0.89,1770422734719,2054.77
0.11,0.87,0.13,0.89,1770422734720,2054.77
0.11,0.87,0.12,0.89,1770422734721,2054.77
0.11,0.88,0.12,0.89,1770422734722,2054.77
0.11,0.88,0.13,0.89,1770422735648,2054.57
0.11,0.87,0.13,0.89,1770422735653,2054.57
0.12,0.87,0.13,0.89,1770422735677,2054.57
0.12,0.87,0.13,0.88,1770422735680,2054.57
0.11,0.87,0.13,0.88,1770422737225,2054.68
0.11,0.87,0.13,0.89,1770422737250,2054.68
0.11,0.88,0.13,0.89,1770422737285,2054.68
0.11,0.88,0.12,0.89,1770422737289,2054.68
0.11,0.86,0.12,0.89,1770422738602,2054.68
0.11,0.86,0.14,0.89,1770422738623,2054.68
0.11,0.88,0.14,0.89,1770422738689,2054.68
0.11,0.88,0.12,0.89,1770422738691,2054.68
0.11,0.87,0.12,0.89,1770422738730,2054.68
0.11,0.87,0.13,0.89,1770422738743,2054.68
0.11,0.87,0.12,0.89,1770422738766,2054.68
0.11,0.88,0.12,0.89,1770422738769,2054.68
0.11,0.87,0.12,0.89,1770422740211,2054.7
0.11,0.87,0.13,0.89,1770422740212,2054.7
0.12,0.87,0.13,0.89,1770422740219,2054.7
0.12,0.87,0.13,0.88,1770422740224,2054.7
0.11,0.87,0.13,0.88,1770422741714,2054.91
0.11,0.87,0.13,0.89,1770422741734,2054.91
0.11,0.88,0.13,0.89,1770422741746,2054.91
0.11,0.88,0.12,0.89,1770422741747,2054.91
0.12,0.88,0.14,0.89,1770422743068,2054.52
0.12,0.86,0.14,0.88,1770422743070,2054.52
0.12,0.87,0.14,0.88,1770422743118,2054.52
0.12,0.87,0.13,0.88,1770422743122,2054.52
0.12,0.85,0.13,0.88,1770422746468,2055.4
0.12,0.85,0.15,0.88,1770422746469,2055.4
0.13,0.85,0.15,0.88,1770422746508,2055.4
0.13,0.85,0.15,0.87,1770422746510,2055.4
0.14,0.85,0.15,0.87,1770422746513,2055.4
0.14,0.85,0.15,0.86,1770422746519,2055.4
0.13,0.85,0.15,0.86,1770422751410,2055.41
0.13,0.85,0.15,0.87,1770422751411,2055.41
0.13,0.86,0.15,0.87,1770422751460,2055.41
0.13,0.86,0.14,0.87,1770422751462,2055.41
0.12,0.86,0.14,0.87,1770422754938,2055.24
0.12,0.86,0.14,0.88,1770422754939,2055.24
0.12,0.87,0.14,0.88,1770422754980,2055.24
0.12,0.87,0.13,0.88,1770422754981,2055.24
0.11,0.87,0.13,0.88,1770422755190,2055.24
0.11,0.88,0.13,0.89,1770422755204,2055.24
0.11,0.88,0.12,0.89,1770422755205,2055.24
0.11,0.89,0.12,0.9,1770422760598,2054.17
0.1,0.89,0.11,0.9,1770422760599,2054.17
0.1,0.88,0.11,0.9,1770422767069,2054.68
0.1,0.88,0.12,0.9,1770422767070,2054.68
0.11,0.88,0.12,0.9,1770422767098,2054.68
0.11,0.88,0.12,0.89,1770422767099,2054.68
0.1,0.88,0.12,0.89,1770422767121,2054.68
0.1,0.88,0.12,0.9,1770422767122,2054.68
0.11,0.88,0.12,0.9,1770422767123,2054.68
0.11,0.88,0.12,0.89,1770422767124,2054.68
0.11,0.88,0.13,0.89,1770422768723,2055.0
0.11,0.87,0.13,0.89,1770422768731,2055.0
0.12,0.87,0.13,0.89,1770422768738,2055.0
0.12,0.87,0.13,0.88,1770422768739,2055.0
0.11,0.87,0.13,0.88,1770422770269,2055.21
0.11,0.87,0.13,0.89,1770422770281,2055.21
0.11,0.88,0.13,0.89,1770422770299,2055.21
0.11,0.88,0.12,0.89,1770422770300,2055.21
0.11,0.88,0.13,0.89,1770422773525,2055.08
0.11,0.87,0.13,0.89,1770422773527,2055.08
0.12,0.87,0.13,0.89,1770422773548,2055.08
0.12,0.87,0.13,0.88,1770422773553,2055.08
0.11,0.87,0.13,0.88,1770422774818,2055.47
0.11,0.87,0.13,0.89,1770422774824,2055.47
0.11,0.88,0.13,0.89,1770422774851,2055.47
0.11,0.88,0.12,0.89,1770422774852,2055.47
0.1,0.88,0.12,0.89,1770422776675,2055.04
0.1,0.88,0.12,0.9,1770422776676,2055.04
0.1,0.89,0.12,0.9,1770422776704,2055.04
0.1,0.89,0.11,0.9,1770422776706,2055.04
0.09,0.89,0.11,0.9,1770422777332,2054.16
0.09,0.89,0.11,0.91,1770422777335,2054.16
0.09,0.9,0.11,0.91,1770422777339,2054.16
0.09,0.9,0.1,0.91,1770422777340,2054.16
0.09,0.9,0.11,0.91,1770422780665,2054.17
0.09,0.89,0.11,0.91,1770422780668,2054.17
0.1,0.89,0.11,0.91,1770422780694,2054.17
0.1,0.89,0.11,0.9,1770422780696,2054.17
0.09,0.89,0.11,0.9,1770422781443,2054.63
0.1,0.89,0.11,0.91,1770422781447,2054.63
0.1,0.89,0.11,0.9,1770422781448,2054.63
0.09,0.89,0.11,0.9,1770422781660,2054.63
0.09,0.89,0.11,0.91,1770422781661,2054.63
0.09,0.9,0.11,0.91,1770422781696,2054.63
0.09,0.9,0.1,0.91,1770422781697,2054.63
0.09,0.91,0.1,0.92,1770422786494,2053.63
0.08,0.91,0.09,0.92,1770422786495,2053.63
0.08,0.89,0.09,0.92,1770422787731,2053.73
0.08,0.89,0.11,0.92,1770422787732,2053.73
0.08,0.91,0.11,0.92,1770422787813,2053.73
0.08,0.91,0.09,0.92,1770422787816,2053.73
0.08,0.91,0.1,0.92,1770422788200,2053.73
0.08,0.9,0.1,0.92,1770422788201,2053.73
0.09,0.9,0.1,0.92,1770422788260,2053.89
0.09,0.9,0.1,0.91,1770422788261,2053.89
0.09,0.89,0.1,0.91,1770422790826,2054.09
0.1,0.89,0.11,0.91,1770422790834,2054.09
0.1,0.89,0.11,0.9,1770422790851,2054.09
0.09,0.89,0.11,0.9,1770422792182,2054.57
0.09,0.89,0.11,0.91,1770422792183,2054.57
0.09,0.9,0.11,0.91,1770422792206,2054.57
0.09,0.9,0.1,0.91,1770422792207,2054.57
0.08,0.9,0.1,0.91,1770422793001,2054.0
0.08,0.9,0.1,0.92,1770422793002,2054.0
0.08,0.91,0.1,0.92,1770422793041,2054.0
0.08,0.91,0.09,0.92,1770422793056,2054.0
0.07,0.91,0.09,0.92,1770422797351,2053.4
0.07,0.91,0.09,0.93,1770422797360,2053.4
0.07,0.91,0.08,0.93,1770422797389,2053.4
0.07,0.92,0.08,0.93,1770422797391,2053.4
0.07,0.91,0.08,0.93,1770422798210,2053.4
0.07,0.91,0.09,0.93,1770422798211,2053.4
0.08,0.91,0.09,0.93,1770422798226,2053.4
0.08,0.91,0.09,0.92,1770422798229,2053.4
0.08,0.92,0.09,0.93,1770422799331,2053.0
0.07,0.92,0.08,0.93,1770422799335,2053.0
0.06,0.92,0.08,0.93,1770422804500,2052.02
0.06,0.92,0.08,0.94,1770422804502,2052.02
0.06,0.93,0.08,0.94,1770422804514,2052.02
0.06,0.93,0.07,0.94,1770422804516,2052.02
0.06,0.93,0.08,0.94,1770422804738,2052.02
0.06,0.92,0.08,0.94,1770422804740,2052.02
0.07,0.92,0.08,0.94,1770422804744,2052.02
0.07,0.92,0.08,0.93,1770422804746,2052.02
0.07,0.9,0.08,0.93,1770422805770,2053.5
0.07,0.9,0.1,0.93,1770422805771,2053.5
0.08,0.9,0.1,0.93,1770422805785,2053.5
0.08,0.9,0.1,0.92,1770422805787,2053.5
0.09,0.9,0.1,0.92,1770422805791,2053.5
0.09,0.9,0.1,0.91,1770422805792,2053.5
0.09,0.89,0.1,0.91,1770422806349,2054.06
0.09,0.89,0.11,0.91,1770422806350,2054.06
0.1,0.89,0.11,0.91,1770422806379,2054.06
0.1,0.89,0.11,0.9,1770422806380,2054.06
0.11,0.89,0.12,0.9,1770422806430,2054.06
0.11,0.88,0.12,0.89,1770422806431,2054.06
0.11,0.87,0.12,0.89,1770422807516,2055.07
0.11,0.87,0.13,0.89,1770422807518,2055.07
0.11,0.87,0.12,0.89,1770422807522,2055.07
0.11,0.88,0.12,0.89,1770422807523,2055.07
0.11,0.87,0.12,0.89,1770422807886,2055.07
0.11,0.87,0.13,0.89,1770422807887,2055.07
0.11,0.88,0.13,0.89,1770422807990,2055.07
0.11,0.88,0.12,0.89,1770422807997,2055.07
0.09,0.88,0.12,0.89,1770422808645,2054.79
0.09,0.88,0.12,0.91,1770422808646,2054.79
0.09,0.9,0.12,0.91,1770422808667,2054.79
0.09,0.9,0.1,0.91,1770422808669,2054.79
0.09,0.89,0.1,0.91,1770422808831,2054.79
0.09,0.89,0.11,0.91,1770422808832,2054.79
0.09,0.9,0.11,0.91,1770422808834,2054.79
0.09,0.9,0.1,0.91,1770422808836,2054.79
0.09,0.89,0.1,0.91,1770422809470,2053.3
0.09,0.88,0.11,0.91,1770422809496,2053.3
0.09,0.88,0.12,0.91,1770422809497,2053.3
0.09,0.89,0.12,0.91,1770422809499,2053.3
0.09,0.89,0.11,0.91,1770422809500,2053.3
0.08,0.89,0.11,0.91,1770422809665,2053.3
0.08,0.89,0.11,0.92,1770422809666,2053.3
0.08,0.91,0.11,0.92,1770422809672,2053.3
0.08,0.91,0.09,0.92,1770422809673,2053.3
0.08,0.9,0.09,0.92,1770422810763,2052.97
0.08,0.9,0.1,0.92,1770422810764,2052.97
0.08,0.91,0.1,0.92,1770422810795,2052.97
0.08,0.91,0.09,0.92,1770422810796,2052.97
0.08,0.9,0.09,0.92,1770422811326,2052.95
0.08,0.9,0.1,0.92,1770422811333,2052.95
0.09,0.9,0.1,0.92,1770422811396,2052.95
0.09,0.9,0.1,0.91,1770422811402,2052.95
0.08,0.9,0.1,0.91,1770422811434,2052.95
0.08,0.9,0.1,0.92,1770422811442,2052.95
0.08,0.91,0.1,0.92,1770422811456,2052.95
0.08,0.91,0.09,0.92,1770422811457,2052.95
0.08,0.9,0.09,0.92,1770422814477,2053.03
0.08,0.9,0.1,0.92,1770422814479,2053.03
0.09,0.9,0.1,0.92,1770422814492,2053.03
0.09,0.9,0.1,0.91,1770422814495,2053.03
0.1,0.9,0.11,0.91,1770422816293,2053.86
0.1,0.89,0.11,0.9,1770422816294,2053.86
0.09,0.89,0.11,0.9,1770422818060,2053.8
0.09,0.89,0.11,0.91,1770422818061,2053.8
0.09,0.9,0.11,0.91,1770422818088,2053.8
0.09,0.9,0.1,0.91,1770422818089,2053.8
0.08,0.9,0.1,0.91,1770422818090,2053.8
0.08,0.9,0.1,0.92,1770422818091,2053.8
0.08,0.91,0.1,0.92,1770422818212,2053.8
0.08,0.91,0.09,0.92,1770422818213,2053.8
0.08,0.9,0.09,0.92,1770422822002,2053.11
0.08,0.9,0.1,0.92,1770422822003,2053.11
0.09,0.9,0.1,0.92,1770422822014,2053.11
0.09,0.9,0.1,0.91,1770422822015,2053.11
0.09,0.89,0.1,0.91,1770422822023,2053.11
0.09,0.89,0.11,0.91,1770422822024,2053.11
0.1,0.89,0.11,0.91,1770422822046,2053.11
0.1,0.89,0.11,0.9,1770422822047,2053.11
0.1,0.88,0.11,0.9,1770422822380,2054.17
0.1,0.88,0.12,0.9,1770422822381,2054.17
0.11,0.88,0.12,0.9,1770422822408,2054.17
0.11,0.88,0.12,0.89,1770422822409,2054.17
0.11,0.87,0.12,0.89,1770422823355,2054.89
0.11,0.87,0.13,0.89,1770422823368,2054.89
0.11,0.87,0.13,0.88,1770422823388,2054.89
0.12,0.87,0.13,0.88,1770422823389,2054.89
0.11,0.87,0.13,0.88,1770422823750,2054.89
0.11,0.87,0.13,0.89,1770422823754,2054.89
0.12,0.87,0.13,0.89,1770422823784,2054.89
0.12,0.87,0.13,0.88,1770422823787,2054.89
0.11,0.87,0.13,0.88,1770422823888,2054.89
0.11,0.87,0.13,0.89,1770422823891,2054.89
0.12,0.87,0.13,0.89,1770422823920,2054.89
0.12,0.87,0.13,0.88,1770422823921,2054.89
0.11,0.87,0.13,0.88,1770422824024,2054.89
0.11,0.87,0.13,0.89,1770422824025,2054.89
0.12,0.87,0.13,0.89,1770422824041,2054.89
0.12,0.87,0.13,0.88,1770422824047,2054.89
0.11,0.87,0.13,0.88,1770422824137,2054.89
0.11,0.87,0.13,0.89,1770422824138,2054.89
0.11,0.88,0.13,0.89,1770422824142,2054.89
0.11,0.88,0.12,0.89,1770422824144,2054.89
0.11,0.87,0.12,0.89,1770422824460,2054.65
0.11,0.87,0.13,0.89,1770422824461,2054.65
0.12,0.87,0.13,0.89,1770422824467,2054.65
0.12,0.87,0.13,0.88,1770422824468,2054.65
0.12,0.86,0.13,0.88,1770422825158,2054.65
0.12,0.86,0.14,0.88,1770422825160,2054.65
0.13,0.86,0.14,0.88,1770422825198,2054.65
0.13,0.86,0.14,0.87,1770422825199,2054.65
0.12,0.86,0.14,0.87,1770422826470,2055.54
0.12,0.86,0.14,0.88,1770422826473,2055.54
0.12,0.87,0.14,0.88,1770422826527,2055.54
0.12,0.87,0.13,0.88,1770422826528,2055.54
0.1,0.87,0.13,0.88,1770422827653,2055.11
0.1,0.87,0.13,0.9,1770422827654,2055.11
0.1,0.88,0.13,0.9,1770422827713,2055.11
0.1,0.88,0.12,0.9,1770422827728,2055.11
0.1,0.88,0.12,0.89,1770422827737,2055.11
0.11,0.88,0.12,0.89,1770422827738,2055.11
0.11,0.88,0.13,0.89,1770422828132,2055.11
0.11,0.87,0.13,0.89,1770422828133,2055.11
0.12,0.87,0.13,0.89,1770422828174,2055.11
0.12,0.87,0.13,0.88,1770422828175,2055.11
0.12,0.87,0.14,0.88,1770422828411,2055.32
0.12,0.86,0.14,0.88,1770422828414,2055.32
0.13,0.86,0.14,0.88,1770422828465,2055.32
0.13,0.86,0.14,0.87,1770422828466,2055.32
0.12,0.86,0.14,0.87,1770422828701,2055.32
0.12,0.86,0.14,0.88,1770422828702,2055.32
0.12,0.86,0.14,0.87,1770422828703,2055.32
0.13,0.86,0.14,0.87,1770422828704,2055.32
0.13,0.85,0.14,0.87,1770422829596,2055.95
0.13,0.85,0.15,0.87,1770422829599,2055.95
0.14,0.85,0.15,0.87,1770422829614,2055.95
0.14,0.85,0.15,0.86,1770422829618,2055.95
0.15,0.85,0.17,0.86,1770422831777,2056.63
0.15,0.83,0.17,0.85,1770422831778,2056.63
0.15,0.83,0.17,0.84,1770422831832,2056.63
0.16,0.83,0.17,0.84,1770422831835,2056.63
0.16,0.82,0.17,0.84,1770422831985,2056.63
0.16,0.82,0.18,0.84,1770422831986,2056.63
0.16,0.82,0.18,0.83,1770422832035,2056.63
0.17,0.82,0.18,0.83,1770422832037,2056.63
0.17,0.81,0.18,0.83,1770422832305,2057.11
0.17,0.81,0.19,0.83,1770422832313,2057.11
0.18,0.81,0.19,0.83,1770422832359,2057.11
0.18,0.81,0.19,0.82,1770422832374,2057.11
0.18,0.81,0.2,0.82,1770422832470,2057.11
0.18,0.8,0.2,0.82,1770422832471,2057.11
0.18,0.81,0.2,0.82,1770422832479,2057.11
0.18,0.81,0.19,0.82,1770422832481,2057.11
0.18,0.8,0.19,0.82,1770422832773,2057.11
0.18,0.8,0.2,0.82,1770422832777,2057.11
0.19,0.8,0.2,0.82,1770422832836,2057.11
0.19,0.8,0.2,0.81,1770422832837,2057.11
0.18,0.8,0.2,0.81,1770422835993,2057.68
0.18,0.8,0.2,0.82,1770422835994,2057.68
0.18,0.81,0.2,0.82,1770422836034,2057.68
0.18,0.81,0.19,0.82,1770422836035,2057.68
0.17,0.81,0.19,0.82,1770422836123,2057.68
0.17,0.81,0.19,0.83,1770422836124,2057.68
0.17,0.82,0.19,0.83,1770422836147,2057.68
0.17,0.82,0.18,0.83,1770422836149,2057.68
0.16,0.82,0.18,0.83,1770422836257,2057.68
0.16,0.82,0.18,0.84,1770422836262,2057.68
0.16,0.83,0.18,0.84,1770422836292,2056.95
0.16,0.83,0.17,0.84,1770422836293,2056.95
0.16,0.82,0.17,0.84,1770422837945,2056.81
0.16,0.82,0.18,0.84,1770422837946,2056.81
0.17,0.82,0.18,0.84,1770422837957,2056.81
0.17,0.82,0.18,0.83,1770422837958,2056.81
0.17,0.82,0.19,0.83,1770422838036,2056.81
0.17,0.81,0.19,0.83,1770422838037,2056.81
0.18,0.81,0.19,0.83,1770422838058,2056.81
0.18,0.81,0.19,0.82,1770422838059,2056.81
0.19,0.81,0.2,0.82,1770422838488,2057.49
0.19,0.8,0.2,0.81,1770422838489,2057.49
0.18,0.8,0.2,0.81,1770422838703,2057.49
0.18,0.8,0.2,0.82,1770422838705,2057.49
0.18,0.81,0.2,0.82,1770422838740,2057.49
0.18,0.81,0.19,0.82,1770422838741,2057.49
0.18,0.81,0.2,0.82,1770422839843,2057.13
0.18,0.8,0.2,0.82,1770422839844,2057.13
0.19,0.8,0.2,0.82,1770422839891,2057.13
0.19,0.8,0.2,0.81,1770422839894,2057.13
0.19,0.79,0.2,0.81,1770422843116,2057.83
0.19,0.79,0.21,0.81,1770422843117,2057.83
0.19,0.79,0.21,0.8,1770422843162,2057.83
0.2,0.79,0.21,0.8,1770422843163,2057.83
0.2,0.79,0.21,0.81,1770422843655,2058.08
0.19,0.79,0.21,0.81,1770422843656,2058.08
0.19,0.79,0.2,0.81,1770422843685,2058.08
0.19,0.8,0.2,0.81,1770422843686,2058.08
0.18,0.8,0.2,0.81,1770422844626,2057.47
0.18,0.8,0.2,0.82,1770422844627,2057.47
0.18,0.81,0.2,0.82,1770422844654,2057.47
0.18,0.81,0.19,0.82,1770422844655,2057.47
0.17,0.81,0.19,0.82,1770422846198,2057.39
0.17,0.81,0.19,0.83,1770422846199,2057.39
0.17,0.81,0.19,0.82,1770422846203,2057.39
0.18,0.81,0.19,0.82,1770422846204,2057.39
0.18,0.81,0.19,0.83,1770422846261,2057.39
0.17,0.81,0.19,0.83,1770422846262,2057.39
0.17,0.82,0.19,0.83,1770422846323,2057.39
0.17,0.82,0.18,0.83,1770422846324,2057.39
0.17,0.82,0.18,0.84,1770422847732,2057.0
0.16,0.82,0.18,0.84,1770422847754,2057.0
0.16,0.83,0.18,0.84,1770422847760,2057.0
0.16,0.83,0.17,0.84,1770422847762,2057.0
0.15,0.83,0.17,0.84,1770422849105,2056.88
0.15,0.83,0.17,0.85,1770422849106,2056.88
0.15,0.84,0.17,0.85,1770422849144,2056.88
0.15,0.84,0.16,0.85,1770422849145,2056.88
0.14,0.84,0.16,0.85,1770422849259,2056.44
0.14,0.84,0.16,0.86,1770422849264,2056.44
0.14,0.85,0.16,0.86,1770422849298,2056.44
0.14,0.85,0.15,0.86,1770422849303,2056.44
0.13,0.85,0.15,0.86,1770422849715,2056.44
0.13,0.85,0.15,0.87,1770422849716,2056.44
0.14,0.85,0.15,0.87,1770422849751,2056.44
0.14,0.85,0.15,0.86,1770422849753,2056.44
0.13,0.85,0.15,0.86,1770422850161,2056.44
0.13,0.85,0.15,0.87,1770422850162,2056.44
0.13,0.86,0.15,0.87,1770422850188,2056.44
0.13,0.86,0.14,0.87,1770422850189,2056.44
0.13,0.85,0.14,0.87,1770422850703,2056.13
0.13,0.85,0.15,0.87,1770422850704,2056.13
0.14,0.85,0.15,0.87,1770422850726,2056.13
0.14,0.85,0.15,0.86,1770422850728,2056.13
0.13,0.85,0.15,0.86,1770422852789,2056.29
0.13,0.85,0.15,0.87,1770422852792,2056.29
0.13,0.86,0.15,0.87,1770422852820,2056.29
0.13,0.86,0.14,0.87,1770422852821,2056.29
0.12,0.86,0.14,0.87,1770422853347,2055.89
0.12,0.86,0.14,0.88,1770422853348,2055.89
0.12,0.86,0.14,0.87,1770422853427,2055.89
0.13,0.86,0.14,0.87,1770422853428,2055.89
0.13,0.86,0.14,0.88,1770422854581,2055.81
0.12,0.86,0.14,0.88,1770422854585,2055.81
0.12,0.87,0.14,0.88,1770422854609,2055.81
0.12,0.87,0.13,0.88,1770422854610,2055.81
0.12,0.87,0.13,0.89,1770422854917,2055.81
0.11,0.87,0.13,0.89,1770422854918,2055.81
0.11,0.88,0.13,0.89,1770422854953,2055.81
0.11,0.88,0.12,0.89,1770422854954,2055.81
0.11,0.88,0.12,0.9,1770422857200,2055.57
0.1,0.89,0.12,0.9,1770422857201,2055.57
0.1,0.89,0.11,0.9,1770422857202,2055.57
0.1,0.89,0.11,0.91,1770422857409,2055.27
0.09,0.89,0.11,0.91,1770422857410,2055.27
0.09,0.9,0.11,0.91,1770422857439,2055.27
0.09,0.9,0.1,0.91,1770422857440,2055.27
0.08,0.9,0.1,0.91,1770422858515,2054.59
0.08,0.9,0.1,0.92,1770422858517,2054.59
0.09,0.9,0.1,0.92,1770422858520,2054.59
0.09,0.9,0.1,0.91,1770422858521,2054.59
0.08,0.9,0.1,0.91,1770422858645,2054.59
0.08,0.9,0.1,0.92,1770422858646,2054.59
0.08,0.91,0.1,0.92,1770422858685,2054.59
0.08,0.91,0.09,0.92,1770422858687,2054.59
0.08,0.9,0.09,0.92,1770422859652,2054.44
0.08,0.9,0.1,0.92,1770422859656,2054.44
0.09,0.9,0.1,0.92,1770422859658,2054.44
0.09,0.9,0.1,0.91,1770422859661,2054.44
0.09,0.91,0.1,0.92,1770422863681,2054.47
0.08,0.91,0.09,0.92,1770422863685,2054.47
0.07,0.91,0.09,0.92,1770422864208,2054.47
0.07,0.91,0.09,0.93,1770422864209,2054.47
0.07,0.92,0.09,0.93,1770422864242,2054.2
0.07,0.92,0.08,0.93,1770422864243,2054.2
0.07,0.9,0.08,0.93,1770422870238,2053.55
0.07,0.9,0.1,0.93,1770422870239,2053.55
0.07,0.9,0.08,0.93,1770422870243,2053.55
0.07,0.92,0.08,0.93,1770422870249,2053.55
0.07,0.91,0.08,0.93,1770422870482,2053.96
0.07,0.91,0.09,0.93,1770422870483,2053.96
0.08,0.91,0.09,0.93,1770422870489,2053.96
0.08,0.91,0.09,0.92,1770422870490,2053.96
0.08,0.91,0.1,0.92,1770422871037,2053.96
0.08,0.9,0.1,0.92,1770422871048,2053.96
0.08,0.9,0.09,0.92,1770422871056,2053.96
0.08,0.91,0.09,0.92,1770422871057,2053.96
0.08,0.9,0.09,0.92,1770422871436,2054.41
0.08,0.9,0.1,0.92,1770422871451,2054.41
0.08,0.91,0.1,0.92,1770422871497,2054.41
0.08,0.91,0.09,0.92,1770422871498,2054.41
0.08,0.9,0.09,0.92,1770422871595,2054.41
0.08,0.9,0.1,0.92,1770422871598,2054.41
0.08,0.91,0.1,0.92,1770422871638,2054.41
0.08,0.91,0.09,0.92,1770422871652,2054.41
0.08,0.9,0.09,0.92,1770422871838,2054.41
0.08,0.9,0.1,0.92,1770422871839,2054.41
0.09,0.9,0.1,0.92,1770422871868,2054.41
0.09,0.9,0.1,0.91,1770422871872,2054.41
0.09,0.89,0.1,0.91,1770422874878,2054.29
0.09,0.89,0.11,0.91,1770422874879,2054.29
0.09,0.89,0.11,0.9,1770422874929,2054.29
0.1,0.89,0.11,0.9,1770422874931,2054.29
0.1,0.88,0.11,0.9,1770422875331,2055.05
0.1,0.88,0.12,0.9,1770422875332,2055.05
0.1,0.89,0.12,0.9,1770422875349,2055.05
0.1,0.89,0.11,0.9,1770422875351,2055.05
0.1,0.88,0.11,0.9,1770422875637,2055.05
0.1,0.88,0.12,0.9,1770422875647,2055.05
0.1,0.89,0.12,0.9,1770422875673,2055.05
0.1,0.89,0.11,0.9,1770422875686,2055.05
0.1,0.88,0.11,0.9,1770422875697,2055.05
0.1,0.88,0.12,0.9,1770422875698,2055.05
0.1,0.89,0.12,0.9,1770422875773,2055.05
0.1,0.89,0.11,0.9,1770422875777,2055.05
0.1,0.87,0.11,0.9,1770422875989,2055.05
0.1,0.87,0.13,0.9,1770422875990,2055.05
0.1,0.87,0.13,0.89,1770422876026,2055.05
0.11,0.87,0.13,0.89,1770422876027,2055.05
0.11,0.88,0.13,0.89,1770422876057,2055.05
0.11,0.88,0.12,0.89,1770422876058,2055.05
0.11,0.87,0.12,0.89,1770422877351,2055.39
0.11,0.87,0.13,0.89,1770422877352,2055.39
0.12,0.87,0.13,0.89,1770422877378,2055.39
0.12,0.87,0.13,0.88,1770422877379,2055.39
0.11,0.87,0.13,0.88,1770422877922,2055.39
0.11,0.87,0.13,0.89,1770422877935,2055.39
0.12,0.87,0.13,0.89,1770422878863,2055.28
0.12,0.87,0.13,0.88,1770422878864,2055.28
0.12,0.87,0.14,0.88,1770422879877,2055.39
0.12,0.86,0.14,0.88,1770422879878,2055.39
0.13,0.86,0.14,0.88,1770422879905,2055.39
0.13,0.86,0.14,0.87,1770422879906,2055.39
0.12,0.86,0.14,0.87,1770422880164,2055.39
0.12,0.86,0.14,0.88,1770422880165,2055.39
0.12,0.86,0.14,0.87,1770422880173,2055.39
0.13,0.86,0.14,0.87,1770422880174,2055.39
0.12,0.86,0.14,0.87,1770422880329,2056.01
0.12,0.86,0.14,0.88,1770422880334,2056.01
0.13,0.86,0.14,0.88,1770422880450,2056.01
0.13,0.86,0.14,0.87,1770422880451,2056.01
0.12,0.86,0.14,0.87,1770422880496,2056.01
0.12,0.86,0.14,0.88,1770422880502,2056.01
0.12,0.87,0.14,0.88,1770422880732,2056.01
0.12,0.87,0.13,0.88,1770422880735,2056.01
0.12,0.87,0.13,0.89,1770422880943,2056.01
0.11,0.87,0.13,0.89,1770422880945,2056.01
0.11,0.87,0.13,0.88,1770422880959,2056.01
0.12,0.87,0.13,0.88,1770422880962,2056.01
0.12,0.87,0.13,0.89,1770422881033,2056.01
0.11,0.87,0.13,0.89,1770422881036,2056.01
0.11,0.87,0.12,0.89,1770422881046,2056.01
0.11,0.88,0.12,0.89,1770422881047,2056.01
0.11,0.88,0.12,0.9,1770422881309,2055.26
0.1,0.88,0.12,0.9,1770422881326,2055.26
0.1,0.89,0.12,0.9,1770422881359,2055.26
0.1,0.89,0.11,0.9,1770422881364,2055.26
0.1,0.88,0.11,0.9,1770422881655,2055.26
0.1,0.88,0.12,0.9,1770422881656,2055.26
0.11,0.88,0.12,0.89,1770422881658,2055.26
0.11,0.87,0.12,0.89,1770422882956,2056.0
0.11,0.87,0.13,0.89,1770422882978,2056.0
0.11,0.87,0.13,0.88,1770422882980,2056.0
0.12,0.87,0.13,0.88,1770422882981,2056.0
0.12,0.87,0.13,0.89,1770422883444,2056.01
0.11,0.88,0.13,0.89,1770422883452,2056.01
0.11,0.88,0.12,0.89,1770422883463,2056.01
0.1,0.88,0.12,0.89,1770422883765,2056.01
0.1,0.88,0.12,0.9,1770422883767,2056.01
0.1,0.88,0.11,0.9,1770422883818,2056.01
0.1,0.89,0.11,0.9,1770422883823,2056.01
0.1,0.88,0.11,0.9,1770422884762,2055.09
0.1,0.88,0.12,0.9,1770422884786,2055.09
0.1,0.88,0.11,0.9,1770422884839,2055.09
0.1,0.89,0.11,0.9,1770422884840,2055.09
0.1,0.89,0.12,0.9,1770422884868,2055.09
0.11,0.88,0.12,0.9,1770422884874,2055.09
0.11,0.88,0.12,0.89,1770422884875,2055.09
0.11,0.87,0.12,0.89,1770422885101,2055.09
0.11,0.87,0.13,0.89,1770422885109,2055.09
0.11,0.88,0.13,0.89,1770422885209,2055.09
0.11,0.88,0.12,0.89,1770422885219,2055.09
0.11,0.87,0.12,0.89,1770422885497,2055.09
0.11,0.87,0.13,0.89,1770422885503,2055.09
0.11,0.87,0.13,0.88,1770422885536,2055.09
0.12,0.87,0.13,0.88,1770422885537,2055.09
0.12,0.87,0.13,0.89,1770422887801,2055.68
0.11,0.87,0.13,0.89,1770422887802,2055.68
0.11,0.88,0.13,0.89,1770422887805,2055.68
0.11,0.88,0.12,0.89,1770422887806,2055.68
0.09,0.88,0.12,0.89,1770422888235,2055.68
0.09,0.88,0.12,0.91,1770422888236,2055.68
0.06,0.88,0.12,0.91,1770422888287,2055.68
0.06,0.88,0.12,0.94,1770422888291,2055.68
0.06,0.88,0.12,0.92,1770422888292,2055.68
0.08,0.88,0.12,0.92,1770422888308,2051.16
0.08,0.89,0.12,0.92,1770422888339,2051.16
0.08,0.89,0.11,0.92,1770422888340,2051.16
0.06,0.9,0.1,0.94,1770422888352,2051.16
0.06,0.91,0.1,0.94,1770422888364,2051.16
0.06,0.91,0.09,0.94,1770422888365,2051.16
0.06,0.93,0.09,0.94,1770422888409,2051.16
0.06,0.93,0.07,0.94,1770422888412,2051.16
0.05,0.93,0.07,0.94,1770422888666,2051.16
0.05,0.93,0.07,0.95,1770422888667,2051.16
0.05,0.94,0.07,0.95,1770422888674,2051.16
0.05,0.94,0.06,0.95,1770422888675,2051.16
0.04,0.94,0.06,0.95,1770422891724,2049.78
0.04,0.94,0.06,0.96,1770422891725,2049.78
0.04,0.95,0.06,0.96,1770422891746,2049.78
0.04,0.95,0.05,0.96,1770422891747,2049.78
0.04,0.95,0.05,0.97,1770422891780,2049.78
0.03,0.95,0.05,0.97,1770422891781,2049.78
0.03,0.95,0.05,0.96,1770422891795,2049.78
0.04,0.95,0.05,0.96,1770422891807,2049.78
0.03,0.95,0.05,0.96,1770422894205,2049.2
0.03,0.95,0.05,0.97,1770422894206,2049.2
0.03,0.96,0.05,0.97,1770422894242,2049.2
0.03,0.96,0.04,0.97,1770422894243,2049.2
0.03,0.95,0.04,0.97,1770422896352,2050.21
0.04,0.95,0.05,0.97,1770422896374,2050.21
0.04,0.95,0.05,0.96,1770422896375,2050.21
0.04,0.94,0.05,0.96,1770422899965,2050.44
0.04,0.94,0.06,0.96,1770422899967,2050.44
0.05,0.94,0.06,0.96,1770422899977,2050.44
0.05,0.94,0.06,0.95,1770422899981,2050.44
0.05,0.94,0.07,0.95,1770422906606,2052.62
0.05,0.93,0.07,0.95,1770422906607,2052.62
0.05,0.93,0.07,0.94,1770422906631,2052.62
0.06,0.93,0.07,0.94,1770422906637,2052.62
0.06,0.92,0.07,0.94,1770422909163,2052.97
0.06,0.92,0.08,0.94,1770422909164,2052.97
0.07,0.92,0.08,0.94,1770422909179,2052.97
0.07,0.92,0.08,0.93,1770422909180,2052.97
0.07,0.92,0.09,0.93,1770422909640,2053.62
0.07,0.91,0.09,0.93,1770422909643,2053.62
0.07,0.91,0.09,0.92,1770422909684,2053.62
0.08,0.91,0.09,0.92,1770422909687,2053.62
0.07,0.91,0.09,0.92,1770422909925,2053.62
0.07,0.91,0.09,0.93,1770422909926,2053.62
0.08,0.91,0.09,0.93,1770422909943,2053.62
0.08,0.91,0.09,0.92,1770422909947,2053.62
0.08,0.91,0.1,0.92,1770422910645,2053.48
0.08,0.9,0.1,0.92,1770422910646,2053.48
0.08,0.91,0.1,0.92,1770422910648,2053.48
0.08,0.91,0.09,0.92,1770422910649,2053.48
0.08,0.9,0.09,0.92,1770422910754,2053.48
0.08,0.9,0.1,0.92,1770422910755,2053.48
0.09,0.9,0.1,0.92,1770422910797,2053.48
0.09,0.9,0.1,0.91,1770422910798,2053.48
0.05,0.9,0.1,0.91,1770422914968,2054.44
0.05,0.9,0.1,0.95,1770422914969,2054.44
0.09,0.9,0.1,0.95,1770422914994,2054.44
0.09,0.9,0.1,0.91,1770422914995,2054.44
0.05,0.9,0.1,0.91,1770422915326,2050.0
0.05,0.9,0.1,0.95,1770422915328,2050.0
0.03,0.9,0.1,0.95,1770422915352,2050.0
0.03,0.9,0.1,0.97,1770422915353,2050.0
0.03,0.91,0.1,0.97,1770422915375,2050.0
0.03,0.91,0.09,0.96,1770422915377,2050.0
0.04,0.91,0.09,0.96,1770422915378,2050.0
0.04,0.91,0.07,0.96,1770422915390,2050.0
0.04,0.93,0.07,0.96,1770422915392,2050.0
0.04,0.94,0.07,0.96,1770422915395,2050.0
0.04,0.94,0.06,0.96,1770422915397,2050.0
0.04,0.94,0.06,0.97,1770422915498,2050.0
0.03,0.94,0.06,0.97,1770422915499,2050.0
0.03,0.94,0.06,0.96,1770422915517,2050.0
0.04,0.94,0.06,0.96,1770422915523,2050.0
0.03,0.94,0.06,0.96,1770422915554,2050.0
0.03,0.94,0.06,0.97,1770422915555,2050.0
0.03,0.96,0.06,0.97,1770422915583,2050.0
0.03,0.96,0.04,0.97,1770422915584,2050.0
0.03,0.95,0.04,0.97,1770422927283,2049.1
0.03,0.95,0.05,0.97,1770422927284,2049.1
0.04,0.95,0.05,0.97,1770422927289,2049.1
0.04,0.95,0.05,0.96,1770422927291,2049.9
0.04,0.95,0.05,0.97,1770422927714,2049.9
0.03,0.95,0.05,0.97,1770422927715,2049.9
0.04,0.95,0.05,0.97,1770422927770,2049.9
0.04,0.95,0.05,0.96,1770422927790,2049.9
0.03,0.95,0.05,0.96,1770422931688,2050.0
0.03,0.95,0.05,0.97,1770422931696,2050.0
0.03,0.96,0.05,0.97,1770422931700,2050.0
0.03,0.96,0.04,0.97,1770422931711,2050.0
0.03,0.95,0.04,0.97,1770422933732,2050.0
0.03,0.95,0.05,0.97,1770422933733,2050.0
0.04,0.95,0.05,0.97,1770422933755,2050.0
0.04,0.95,0.05,0.96,1770422933756,2050.0
0.04,0.96,0.05,0.97,1770422935802,2049.84
0.03,0.96,0.04,0.97,1770422935804,2049.84
0.03,0.95,0.04,0.97,1770422936640,2049.75
0.03,0.96,0.05,0.97,1770422936654,2049.75
0.03,0.96,0.04,0.97,1770422936658,2049.75
0.03,0.95,0.04,0.97,1770422936684,2049.75
0.04,0.95,0.05,0.97,1770422936685,2049.75
0.04,0.95,0.05,0.96,1770422936686,2049.75
0.03,0.95,0.05,0.96,1770422939082,2049.9
0.03,0.95,0.05,0.97,1770422939083,2049.9
0.04,0.95,0.05,0.97,1770422939086,2049.9
0.04,0.95,0.05,0.96,1770422939087,2049.9
0.03,0.95,0.05,0.96,1770422942273,2050.0
0.03,0.95,0.05,0.97,1770422942285,2050.0
0.04,0.95,0.05,0.97,1770422943568,2049.99
0.04,0.95,0.05,0.96,1770422943576,2049.99
0.04,0.95,0.06,0.96,1770422944967,2051.13
0.04,0.94,0.06,0.96,1770422944968,2051.13
0.05,0.94,0.06,0.95,1770422944970,2051.13
0.04,0.94,0.06,0.95,1770422946664,2051.73
0.04,0.94,0.06,0.96,1770422946665,2051.73
0.04,0.94,0.05,0.96,1770422946719,2051.73
0.04,0.95,0.05,0.96,1770422946720,2051.73
0.03,0.95,0.05,0.96,1770422951232,2050.57
0.03,0.95,0.05,0.97,1770422951234,2050.57
0.03,0.96,0.05,0.97,1770422951380,2049.99
0.03,0.95,0.04,0.97,1770422951405,2049.99
0.03,0.95,0.05,0.97,1770422951406,2049.99
0.04,0.95,0.05,0.97,1770422951485,2049.99
0.04,0.95,0.05,0.96,1770422951513,2049.99
0.04,0.95,0.05,0.97,1770422954144,2049.84
0.03,0.95,0.05,0.97,1770422954145,2049.84
0.03,0.96,0.04,0.97,1770422954146,2049.84
0.03,0.95,0.04,0.97,1770422955357,2049.06
0.04,0.95,0.05,0.97,1770422955358,2049.06
0.04,0.95,0.05,0.96,1770422955360,2049.06
0.03,0.95,0.05,0.96,1770422955844,2049.06
0.03,0.95,0.05,0.97,1770422955853,2049.06
0.03,0.96,0.05,0.97,1770422955890,2049.06
0.03,0.96,0.04,0.97,1770422955895,2049.06
0.03,0.95,0.04,0.97,1770422960204,2049.6
0.03,0.95,0.05,0.97,1770422960205,2049.6
0.04,0.95,0.05,0.97,1770422960207,2049.6
0.04,0.95,0.05,0.96,1770422960208,2049.6
0.03,0.95,0.05,0.96,1770422964230,2051.45
0.03,0.95,0.05,0.97,1770422964237,2051.45
0.04,0.95,0.05,0.97,1770422964424,2050.23
0.04,0.95,0.05,0.96,1770422964447,2050.23
0.03,0.95,0.05,0.96,1770422964456,2050.23
0.03,0.95,0.05,0.97,1770422964458,2050.23
0.04,0.95,0.05,0.97,1770422964544,2050.23
0.04,0.95,0.05,0.96,1770422964545,2050.23
0.03,0.95,0.05,0.96,1770422973355,2051.21
0.03,0.95,0.05,0.97,1770422973356,2051.21
0.03,0.96,0.05,0.97,1770422973413,2051.21
0.03,0.96,0.04,0.97,1770422973418,2051.21
0.02,0.96,0.04,0.97,1770422990641,2050.5
0.02,0.96,0.04,0.98,1770422990642,2050.5
0.03,0.96,0.04,0.98,1770422991036,2050.5
0.03,0.96,0.04,0.97,1770422991047,2050.5
0.02,0.96,0.04,0.97,1770422991246,2050.5
0.02,0.96,0.04,0.98,1770422991270,2050.4
0.03,0.96,0.04,0.98,1770422991542,2050.4
0.03,0.96,0.04,0.97,1770422991559,2050.4
0.02,0.96,0.04,0.97,1770422991762,2050.4
0.02,0.96,0.04,0.98,1770422991788,2050.4
0.03,0.96,0.04,0.98,1770422992038,2050.4
0.03,0.96,0.04,0.97,1770422992040,2050.4
0.02,0.96,0.04,0.97,1770422992072,2050.4
0.02,0.96,0.04,0.98,1770422992074,2050.4
0.02,0.97,0.04,0.98,1770422992167,2050.4
0.02,0.97,0.03,0.98,1770422992168,2050.4
0.02,0.96,0.03,0.98,1770423008515,2049.02
0.02,0.96,0.04,0.98,1770423008530,2049.02
0.03,0.96,0.04,0.98,1770423008544,2049.02
0.03,0.96,0.04,0.97,1770423008545,2049.02
0.02,0.96,0.04,0.97,1770423011895,2050.38
0.02,0.96,0.04,0.98,1770423011915,2050.38
0.03,0.96,0.04,0.98,1770423012011,2050.38
0.03,0.96,0.04,0.97,1770423012012,2050.38
0.02,0.96,0.04,0.97,1770423015457,2051.16
0.02,0.96,0.04,0.98,1770423015497,2051.16
0.03,0.96,0.04,0.98,1770423015527,2051.16
0.03,0.96,0.04,0.97,1770423015530,2051.16
0.02,0.96,0.04,0.97,1770423022690,2051.11
0.02,0.96,0.04,0.98,1770423022705,2051.11
0.02,0.97,0.04,0.98,1770423023057,2051.11
0.02,0.97,0.03,0.98,1770423023062,2051.11
0.01,0.97,0.03,0.98,1770423064786,2050.54
0.01,0.97,0.03,0.99,1770423064797,2050.54
0.02,0.97,0.03,0.99,1770423064837,2050.54
0.02,0.97,0.03,0.98,1770423064840,2050.54
0.01,0.97,0.03,0.98,1770423064996,2050.54
0.01,0.97,0.03,0.99,1770423065031,2050.54
0.02,0.97,0.03,0.99,1770423065338,2050.4
0.02,0.97,0.03,0.98,1770423065364,2050.4
0.01,0.97,0.03,0.98,1770423065552,2050.4
0.01,0.97,0.03,0.99,1770423065553,2050.4
0.01,0.98,0.03,0.99,1770423065733,2050.4
0.01,0.98,0.02,0.99,1770423065757,2050.4
0.011,0.98,0.02,0.99,1770423074655,2051.19
0.011,0.98,0.02,0.989,1770423074678,2051.19
0.011,0.97,0.02,0.989,1770423075930,2051.19
0.011,0.97,0.03,0.989,1770423075956,2051.19
0.011,0.97,0.03,0.98,1770423076026,2051.19
0.02,0.97,0.03,0.98,1770423076027,2051.19
0.011,0.97,0.03,0.98,1770423086368,2051.95
0.011,0.97,0.03,0.989,1770423086369,2051.95
0.011,0.98,0.03,0.989,1770423086404,2051.95
0.011,0.98,0.02,0.989,1770423086406,2051.95
0.01,0.98,0.02,0.989,1770423087266,2050.98
0.01,0.98,0.02,0.99,1770423087280,2050.98
0.01,0.97,0.02,0.99,1770423087296,2050.98
0.01,0.97,0.03,0.99,1770423087298,2050.98
0.01,0.98,0.03,0.99,1770423087340,2050.98
0.01,0.98,0.02,0.99,1770423087430,2050.98
0.01,0.97,0.02,0.99,1770423090289,2050.29
0.01,0.97,0.03,0.99,1770423090290,2050.29
0.02,0.97,0.03,0.99,1770423090465,2050.29
0.02,0.97,0.03,0.98,1770423090477,2050.29
0.01,0.97,0.03,0.98,1770423090497,2050.29
0.01,0.97,0.03,0.99,1770423090499,2050.29
0.02,0.97,0.03,0.99,1770423090950,2050.29
0.02,0.97,0.03,0.98,1770423090974,2050.29
0.01,0.97,0.03,0.98,1770423090979,2050.29
0.01,0.97,0.03,0.99,1770423090982,2050.29
0.01,0.98,0.03,0.99,1770423091036,2050.29
0.01,0.98,0.02,0.99,1770423091044,2050.29
0.01,0.97,0.02,0.99,1770423091157,2050.29
0.01,0.97,0.03,0.99,1770423091158,2050.29
0.02,0.97,0.03,0.99,1770423091486,2051.08
0.02,0.97,0.03,0.98,1770423091489,2051.08
0.01,0.97,0.03,0.98,1770423091641,2051.08
0.01,0.97,0.03,0.99,1770423091677,2051.08
0.02,0.97,0.03,0.99,1770423091958,2051.08
0.02,0.97,0.03,0.98,1770423091979,2051.08
0.01,0.97,0.03,0.98,1770423091983,2051.08
0.01,0.97,0.03,0.99,1770423091984,2051.08
0.02,0.97,0.03,0.99,1770423092181,2051.08
0.02,0.97,0.03,0.98,1770423092183,2051.08
0.01,0.97,0.03,0.98,1770423099453,2051.28
0.01,0.97,0.03,0.99,1770423099454,2051.28
0.01,0.98,0.03,0.99,1770423099500,2051.28
0.01,0.98,0.02,0.99,1770423099502,2051.28
0.01,0.98,0.019,0.99,1770423100933,2050.73
0.01,0.981,0.019,0.99,1770423100950,2050.73
0.01,0.98,0.019,0.99,1770423128868,2049.28
0.01,0.98,0.02,0.99,1770423128869,2049.28
0.01,0.97,0.02,0.99,1770423137788,2053.2
0.01,0.97,0.03,0.99,1770423137790,2053.2
0.02,0.97,0.03,0.99,1770423137848,2053.2
0.02,0.97,0.03,0.98,1770423137849,2053.2
0.01,0.97,0.03,0.98,1770423141624,2053.07
0.01,0.97,0.03,0.99,1770423141630,2053.07
0.01,0.98,0.03,0.99,1770423141910,2053.07
0.01,0.98,0.02,0.99,1770423141917,2053.07
0.01,0.98,0.03,0.99,1770423149880,2052.1
0.01,0.97,0.03,0.99,1770423149881,2052.1
0.02,0.97,0.03,0.99,1770423149885,2052.1
0.02,0.97,0.03,0.98,1770423149888,2052.1
0.01,0.97,0.03,0.98,1770423149969,2052.1
0.01,0.97,0.03,0.99,1770423149973,2052.1
0.02,0.97,0.03,0.99,1770423149986,2052.1
0.02,0.97,0.03,0.98,1770423149987,2052.1
0.01,0.97,0.03,0.98,1770423158581,2053.58
0.01,0.97,0.03,0.99,1770423158583,2053.58
0.01,0.97,0.02,0.99,1770423158643,2053.58
0.01,0.98,0.02,0.99,1770423158648,2053.58
0.01,0.98,0.03,0.99,1770423159043,2053.58
0.01,0.97,0.03,0.99,1770423159065,2053.58
0.01,0.98,0.03,0.99,1770423159082,2053.58
0.01,0.98,0.02,0.99,1770423159088,2053.58
0.01,0.97,0.02,0.99,1770423164071,2053.41
0.01,0.97,0.03,0.99,1770423164072,2053.41
0.02,0.97,0.03,0.98,1770423164079,2053.41
0.01,0.97,0.03,0.98,1770423165284,2053.81
0.01,0.97,0.03,0.99,1770423165285,2053.81
0.02,0.97,0.03,0.99,1770423165771,2053.81
0.02,0.97,0.03,0.98,1770423165795,2053.81
0.01,0.97,0.03,0.98,1770423165984,2053.81
0.01,0.97,0.03,0.99,1770423166006,2053.81
0.02,0.97,0.03,0.99,1770423166277,2053.79
0.02,0.97,0.03,0.98,1770423166300,2053.79
0.01,0.97,0.03,0.98,1770423166490,2053.79
0.01,0.97,0.03,0.99,1770423166498,2053.79
0.02,0.97,0.03,0.99,1770423166774,2053.79
0.02,0.97,0.03,0.98,1770423166796,2053.79
0.01,0.97,0.03,0.98,1770423166991,2053.79
0.01,0.97,0.03,0.99,1770423167015,2053.79
0.02,0.97,0.03,0.99,1770423167280,2053.79
0.02,0.97,0.03,0.98,1770423167303,2053.79
0.01,0.97,0.03,0.98,1770423171158,2054.0
0.01,0.97,0.03,0.99,1770423171178,2054.0
0.02,0.97,0.03,0.99,1770423171805,2053.97
0.02,0.97,0.03,0.98,1770423171832,2053.97
0.01,0.97,0.03,0.98,1770423171859,2053.97
0.01,0.97,0.03,0.99,1770423171868,2053.97
0.01,0.98,0.03,0.99,1770423171918,2053.97
0.01,0.98,0.02,0.99,1770423171943,2053.97
0.01,0.98,0.03,0.99,1770423178040,2052.94
0.01,0.97,0.03,0.99,1770423178052,2052.94
0.01,0.98,0.03,0.99,1770423178102,2052.94
0.01,0.98,0.02,0.99,1770423178103,2052.94
0.01,0.97,0.02,0.99,1770423178549,2054.04
0.01,0.97,0.03,0.99,1770423178550,2054.04
0.02,0.97,0.03,0.99,1770423178568,2054.04
0.02,0.97,0.03,0.98,1770423178570,2054.04
0.01,0.97,0.03,0.98,1770423178641,2054.04
0.02,0.97,0.03,0.98,1770423178642,2054.04
0.01,0.97,0.03,0.98,1770423178815,2054.04
0.01,0.97,0.03,0.99,1770423178816,2054.04
0.02,0.97,0.03,0.99,1770423178829,2054.04
0.02,0.97,0.03,0.98,1770423178839,2054.04
0.01,0.97,0.03,0.98,1770423178853,2054.04
0.01,0.97,0.03,0.99,1770423178854,2054.04
0.01,0.98,0.03,0.99,1770423179179,2054.04
0.01,0.98,0.02,0.99,1770423179206,2054.04
0.01,0.97,0.02,0.99,1770423179395,2054.33
0.01,0.97,0.03,0.99,1770423179396,2054.33
0.02,0.97,0.03,0.99,1770423179490,2054.33
0.02,0.97,0.03,0.98,1770423179492,2054.33
0.01,0.97,0.03,0.98,1770423180174,2054.33
0.01,0.97,0.03,0.99,1770423180177,2054.33
0.01,0.98,0.03,0.99,1770423180250,2054.7
0.01,0.98,0.02,0.99,1770423180251,2054.7
0.01,0.97,0.02,0.99,1770423180949,2054.7
0.01,0.97,0.03,0.99,1770423180974,2054.7
0.01,0.98,0.03,0.99,1770423180991,2054.7
0.01,0.98,0.02,0.99,1770423180997,2054.7
0.01,0.97,0.02,0.99,1770423181496,2054.17
0.01,0.97,0.03,0.99,1770423181499,2054.17
0.01,0.98,0.03,0.99,1770423181535,2054.17
0.01,0.98,0.02,0.99,1770423181542,2054.17
0.01,0.982,0.02,0.99,1770423184552,2053.96
0.01,0.982,0.018,0.99,1770423184568,2053.96
0.01,0.983,0.018,0.99,1770423218899,2053.17
0.01,0.983,0.017,0.99,1770423218900,2053.17
0.01,0.984,0.017,0.99,1770423222376,2052.96
0.01,0.984,0.016,0.99,1770423222377,2052.96
0.01,0.99,0.016,0.996,1770423223851,2052.7
0.004,0.99,0.01,0.996,1770423223876,2052.7
0.005,0.99,0.01,0.996,1770423225953,2052.27
0.005,0.99,0.01,0.995,1770423225976,2052.27
0.004,0.99,0.01,0.995,1770423226275,2052.72
0.004,0.99,0.01,0.996,1770423226276,2052.72
0.005,0.99,0.01,0.996,1770423228986,2052.41
0.005,0.99,0.01,0.995,1770423228987,2052.41
0.003,0.99,0.01,0.995,1770423229045,2052.41
0.003,0.99,0.01,0.997,1770423229046,2052.41
0.004,0.99,0.01,0.997,1770423229110,2052.41
0.004,0.99,0.01,0.996,1770423229324,2052.63
0.005,0.99,0.01,0.996,1770423229422,2052.63
0.005,0.99,0.01,0.995,1770423229448,2052.63
0.004,0.99,0.01,0.995,1770423229504,2052.63
0.004,0.99,0.01,0.996,1770423229531,2052.63
0.005,0.99,0.01,0.996,1770423230129,2052.63
0.005,0.99,0.01,0.995,1770423230155,2052.63
0.003,0.99,0.01,0.995,1770423232003,2053.11
0.003,0.99,0.01,0.997,1770423232004,2053.11
0.005,0.99,0.01,0.997,1770423232182,2053.11
0.005,0.99,0.01,0.995,1770423232183,2053.11
0.004,0.99,0.01,0.995,1770423233379,2053.26
0.004,0.99,0.01,0.996,1770423233404,2053.26
0.003,0.99,0.01,0.996,1770423234959,2052.53
0.003,0.99,0.01,0.997,1770423234969,2052.53
0.004,0.99,0.01,0.997,1770423236801,2051.93
0.004,0.99,0.01,0.996,1770423236805,2051.93
0.003,0.99,0.01,0.996,1770423237097,2051.93
0.003,0.99,0.01,0.997,1770423237153,2051.93
0.003,0.992,0.01,0.997,1770423241918,2051.9
0.003,0.992,0.008,0.997,1770423241995,2051.9
0.002,0.992,0.008,0.997,1770423245128,2052.19
0.002,0.992,0.008,0.998,1770423245171,2052.19
0.003,0.992,0.008,0.998,1770423245183,2052.19
0.003,0.992,0.008,0.997,1770423245710,2052.02
0.002,0.992,0.008,0.997,1770423245937,2052.02
0.002,0.992,0.008,0.998,1770423245943,2052.02
0.001,0.992,0.008,0.998,1770423246985,2050.84
0.001,0.992,0.008,0.999,1770423247016,2050.84
0.002,0.992,0.008,0.999,1770423247197,2050.84
0.002,0.992,0.008,0.998,1770423247201,2050.84
0.002,0.998,0.008,0.999,1770423256468,2051.51
0.001,0.998,0.002,0.999,1770423256709,2051.51
0.001,0.999,0.002,1.0,1770423283536,2052.51
0.0,0.999,0.001,1.0,1770423283558,2052.51
0.56,0.43,0.57,0.44,1770423337507,2052.48
0.56,0.42,0.57,0.44,1770423338524,2052.46
0.56,0.42,0.58,0.44,1770423338529,2052.46
0.57,0.42,0.58,0.44,1770423338536,2052.46
0.57,0.42,0.58,0.43,1770423338538,2052.46
0.57,0.39,0.58,0.43,1770423345049,2052.84
0.57,0.39,0.61,0.43,1770423345050,2052.84
0.58,0.39,0.61,0.43,1770423345067,2052.84
0.58,0.39,0.61,0.42,1770423345068,2052.84
0.59,0.39,0.61,0.42,1770423345094,2052.84
0.59,0.39,0.61,0.41,1770423345095,2052.84
0.6,0.39,0.61,0.41,1770423345100,2052.84
0.6,0.39,0.61,0.4,1770423345101,2052.84
0.6,0.39,0.61,0.41,1770423345925,2053.62
0.59,0.4,0.6,0.41,1770423345930,2053.62
0.59,0.4,0.6,0.42,1770423346027,2053.62
0.58,0.4,0.6,0.42,1770423346032,2053.62
0.58,0.41,0.6,0.42,1770423346041,2053.62
0.58,0.41,0.59,0.42,1770423346045,2053.62
0.57,0.41,0.59,0.42,1770423346123,2053.62
0.57,0.41,0.59,0.43,1770423346124,2053.62
0.57,0.42,0.59,0.43,1770423346177,2053.62
0.57,0.42,0.58,0.43,1770423346185,2053.62
0.56,0.42,0.58,0.43,1770423350687,2053.04
0.56,0.42,0.58,0.44,1770423350688,2053.04
0.56,0.43,0.58,0.44,1770423350698,2053.04
0.56,0.43,0.57,0.44,1770423350700,2053.04
0.55,0.43,0.57,0.44,1770423358735,2052.22
0.55,0.43,0.57,0.45,1770423358738,2052.22
0.55,0.44,0.57,0.45,1770423358740,2052.22
0.55,0.44,0.56,0.45,1770423358741,2052.22
0.54,0.44,0.56,0.45,1770423360152,2052.16
0.54,0.44,0.56,0.46,1770423360156,2052.16
0.54,0.45,0.56,0.46,1770423360161,2052.16
0.54,0.45,0.55,0.46,1770423360162,2052.16
0.54,0.44,0.55,0.46,1770423360216,2052.16
0.54,0.44,0.56,0.46,1770423360217,2052.16
0.54,0.45,0.56,0.46,1770423360223,2052.16
0.54,0.45,0.55,0.46,1770423360224,2052.16
0.54,0.44,0.55,0.46,1770423360658,2052.02
0.54,0.44,0.56,0.46,1770423360661,2052.02
0.55,0.44,0.56,0.46,1770423360667,2052.02
0.55,0.44,0.56,0.45,1770423360669,2052.02
0.55,0.43,0.56,0.45,1770423360672,2052.02
0.55,0.43,0.57,0.45,1770423360673,2052.02
0.56,0.43,0.57,0.45,1770423360677,2052.02
0.56,0.43,0.57,0.44,1770423360678,2052.02
0.56,0.42,0.57,0.44,1770423361043,2052.02
0.56,0.42,0.58,0.44,1770423361044,2052.02
0.57,0.42,0.58,0.44,1770423361048,2052.02
0.57,0.42,0.58,0.43,1770423361049,2052.02
0.57,0.41,0.58,0.43,1770423362521,2053.13
0.57,0.41,0.59,0.43,1770423362522,2053.13
0.58,0.41,0.59,0.43,1770423362529,2053.13
0.58,0.41,0.59,0.42,1770423362530,2053.13
0.58,0.4,0.59,0.42,1770423364538,2053.3
0.58,0.4,0.6,0.42,1770423364539,2053.3
0.59,0.4,0.6,0.42,1770423364542,2053.3
0.59,0.4,0.6,0.41,1770423364543,2053.3
0.59,0.4,0.61,0.41,1770423364605,2053.3
0.59,0.39,0.61,0.41,1770423364606,2053.3
0.59,0.4,0.61,0.41,1770423364608,2053.3
0.59,0.4,0.6,0.41,1770423364609,2053.3
0.59,0.38,0.6,0.41,1770423365007,2053.3
0.59,0.38,0.62,0.41,1770423365008,2053.3
0.6,0.38,0.62,0.41,1770423365009,2053.3
0.6,0.38,0.62,0.4,1770423365011,2053.3
0.6,0.38,0.62,0.39,1770423365061,2053.3
0.61,0.38,0.62,0.39,1770423365065,2053.3
0.58,0.38,0.62,0.39,1770423366280,2053.26
0.58,0.4,0.6,0.42,1770423366281,2053.26
0.59,0.4,0.6,0.42,1770423366310,2053.26
0.59,0.4,0.6,0.41,1770423366311,2053.26
0.58,0.4,0.6,0.41,1770423367078,2053.26
0.58,0.4,0.6,0.42,1770423367080,2053.26
0.58,0.41,0.6,0.42,1770423367084,2053.26
0.58,0.41,0.59,0.42,1770423367155,2053.26
0.58,0.4,0.59,0.42,1770423367500,2053.15
0.58,0.4,0.6,0.42,1770423367501,2053.15
0.59,0.4,0.6,0.42,1770423367511,2053.15
0.59,0.4,0.6,0.41,1770423367512,2053.15
0.59,0.39,0.6,0.41,1770423367589,2053.15
0.59,0.39,0.61,0.41,1770423367590,2053.15
0.6,0.39,0.61,0.41,1770423367611,2053.15
0.6,0.39,0.61,0.4,1770423367613,2053.15
0.59,0.39,0.61,0.4,1770423368500,2053.64
0.59,0.39,0.61,0.41,1770423368507,2053.64
0.59,0.4,0.61,0.41,1770423368510,2053.64
0.59,0.4,0.6,0.41,1770423368511,2053.64
0.59,0.39,0.6,0.41,1770423371001,2053.55
0.59,0.39,0.61,0.41,1770423371002,2053.55
0.6,0.39,0.61,0.41,1770423371047,2053.55
0.6,0.39,0.61,0.4,1770423371049,2053.55
0.59,0.39,0.61,0.4,1770423371982,2053.6
0.59,0.39,0.61,0.41,1770423371983,2053.6
0.59,0.4,0.61,0.41,1770423371995,2053.6
0.59,0.4,0.6,0.41,1770423371996,2053.6
0.58,0.4,0.6,0.41,1770423372269,2053.37
0.58,0.4,0.6,0.42,1770423372270,2053.37
0.58,0.4,0.59,0.42,1770423372331,2053.37
0.58,0.41,0.59,0.42,1770423372332,2053.37
0.58,0.4,0.59,0.42,1770423373027,2053.37
0.58,0.4,0.6,0.42,1770423373031,2053.37
0.59,0.4,0.6,0.42,1770423373032,2053.37
0.59,0.4,0.6,0.41,1770423373034,2053.37
0.59,0.39,0.6,0.41,1770423375714,2053.68
0.59,0.39,0.61,0.41,1770423375715,2053.68
0.6,0.39,0.61,0.41,1770423375733,2053.68
0.6,0.39,0.61,0.4,1770423375734,2053.68
0.61,0.39,0.63,0.4,1770423375795,2053.68
0.61,0.37,0.63,0.39,1770423375796,2053.68
0.62,0.37,0.63,0.39,1770423375850,2053.68
0.62,0.37,0.63,0.38,1770423375851,2053.68
0.62,0.37,0.64,0.38,1770423377412,2054.29
0.62,0.36,0.64,0.38,1770423377413,2054.29
0.63,0.36,0.64,0.38,1770423377434,2054.29
0.63,0.36,0.64,0.37,1770423377436,2054.29
0.63,0.35,0.64,0.37,1770423377916,2054.29
0.63,0.35,0.65,0.37,1770423377917,2054.29
0.64,0.35,0.65,0.37,1770423377919,2054.29
0.64,0.35,0.65,0.36,1770423377921,2054.29
0.64,0.34,0.65,0.36,1770423378818,2054.76
0.64,0.34,0.66,0.36,1770423378819,2054.76
0.65,0.34,0.66,0.36,1770423378823,2054.76
0.65,0.34,0.66,0.35,1770423378824,2054.76
0.65,0.33,0.66,0.35,1770423379431,2055.04
0.65,0.33,0.67,0.35,1770423379432,2055.04
0.66,0.33,0.67,0.35,1770423379443,2055.04
0.66,0.33,0.67,0.34,1770423379445,2055.04
0.66,0.32,0.67,0.34,1770423381476,2055.22
0.66,0.32,0.68,0.34,1770423381477,2055.22
0.67,0.32,0.68,0.34,1770423381483,2055.22
0.67,0.32,0.68,0.33,1770423381485,2055.22
0.66,0.32,0.68,0.33,1770423382676,2055.21
0.66,0.32,0.68,0.34,1770423382677,2055.21
0.67,0.32,0.68,0.34,1770423382678,2055.21
0.67,0.32,0.68,0.33,1770423382679,2055.21
0.66,0.32,0.68,0.33,1770423382777,2055.21
0.66,0.32,0.68,0.34,1770423382782,2055.21
0.66,0.33,0.68,0.34,1770423382822,2055.21
0.66,0.33,0.67,0.34,1770423382823,2055.21
0.66,0.32,0.67,0.34,1770423388784,2055.22
0.66,0.32,0.68,0.34,1770423388785,2055.22
0.67,0.32,0.68,0.34,1770423388789,2055.22
0.67,0.32,0.68,0.33,1770423388795,2055.22
0.66,0.32,0.68,0.33,1770423390731,2055.53
0.66,0.32,0.68,0.34,1770423390732,2055.53
0.66,0.33,0.68,0.34,1770423390761,2055.53
0.66,0.33,0.67,0.34,1770423390762,2055.53
0.65,0.33,0.67,0.34,1770423392520,2054.58
0.65,0.33,0.67,0.35,1770423392521,2054.58
0.65,0.34,0.66,0.35,1770423392522,2054.58
0.65,0.33,0.66,0.35,1770423395145,2054.77
0.65,0.33,0.67,0.35,1770423395146,2054.77
0.66,0.33,0.67,0.35,1770423395152,2054.77
0.66,0.33,0.67,0.34,1770423395153,2054.77
0.66,0.31,0.67,0.34,1770423401223,2055.33
0.66,0.31,0.69,0.34,1770423401224,2055.33
0.67,0.31,0.69,0.34,1770423401230,2055.33
0.67,0.31,0.69,0.33,1770423401231,2055.33
0.68,0.31,0.69,0.33,1770423401319,2055.33
0.68,0.31,0.69,0.32,1770423401321,2055.33
0.68,0.32,0.69,0.33,1770423403348,2055.05
0.67,0.32,0.68,0.33,1770423403349,2055.05
0.67,0.31,0.68,0.33,1770423406638,2054.99
0.67,0.31,0.69,0.33,1770423406639,2054.99
0.68,0.31,0.69,0.32,1770423406647,2054.99
0.67,0.31,0.69,0.32,1770423408140,2055.36
0.67,0.31,0.69,0.33,1770423408141,2055.36
0.67,0.31,0.68,0.33,1770423408194,2055.36
0.67,0.32,0.68,0.33,1770423408196,2055.36
0.67,0.31,0.68,0.33,1770423418047,2055.2
0.67,0.31,0.69,0.33,1770423418049,2055.2
0.68,0.31,0.69,0.33,1770423418051,2055.2
0.68,0.31,0.69,0.32,1770423418057,2055.2
0.67,0.31,0.69,0.32,1770423418585,2055.57
0.67,0.31,0.69,0.33,1770423418589,2055.57
0.68,0.31,0.69,0.33,1770423418619,2055.57
0.68,0.31,0.69,0.32,1770423418620,2055.57
0.67,0.31,0.69,0.32,1770423418674,2055.57
0.67,0.31,0.69,0.33,1770423418675,2055.57
0.67,0.31,0.68,0.33,1770423419389,2055.51
0.67,0.32,0.68,0.33,1770423419393,2055.51
0.67,0.33,0.68,0.34,1770423421173,2055.38
0.66,0.33,0.67,0.34,1770423421176,2055.38
0.66,0.34,0.67,0.35,1770423421905,2054.62
0.65,0.34,0.66,0.35,1770423421906,2054.62
0.65,0.35,0.66,0.36,1770423422020,2054.62
0.64,0.35,0.65,0.36,1770423422033,2054.62
0.63,0.35,0.65,0.36,1770423424601,2054.48
0.63,0.35,0.65,0.37,1770423424602,2054.48
0.63,0.35,0.64,0.37,1770423424633,2054.48
0.63,0.36,0.64,0.37,1770423424637,2054.48
0.61,0.36,0.64,0.37,1770423425317,2053.82
0.61,0.36,0.64,0.39,1770423425318,2053.82
0.61,0.37,0.64,0.39,1770423425320,2053.82
0.61,0.37,0.63,0.39,1770423425321,2053.82
0.61,0.38,0.63,0.39,1770423425363,2053.82
0.61,0.38,0.62,0.39,1770423425364,2053.82
0.6,0.38,0.62,0.39,1770423425963,2053.82
0.61,0.38,0.62,0.39,1770423425973,2053.82
0.6,0.38,0.62,0.39,1770423426178,2053.82
0.6,0.38,0.62,0.4,1770423426179,2053.82
0.6,0.39,0.61,0.4,1770423426180,2053.82
0.59,0.39,0.61,0.4,1770423426554,2053.12
0.59,0.39,0.61,0.41,1770423426555,2053.12
0.59,0.4,0.61,0.41,1770423426561,2053.12
0.59,0.4,0.6,0.41,1770423426562,2053.12
0.59,0.41,0.6,0.42,1770423426887,2053.12
0.58,0.41,0.59,0.42,1770423426889,2053.12
0.58,0.41,0.59,0.45,1770423427122,2053.12
0.55,0.41,0.59,0.45,1770423427126,2053.12
0.55,0.42,0.59,0.45,1770423427146,2053.12
0.55,0.42,0.58,0.45,1770423427147,2053.12
0.55,0.43,0.58,0.45,1770423427148,2053.12
0.55,0.43,0.57,0.45,1770423427153,2053.12
