0.45,0.53,0.46,0.55,1770417199944,2064.22
0.45,0.53,0.47,0.55,1770417199947,2064.22
0.46,0.53,0.47,0.55,1770417199972,2064.22
0.46,0.53,0.47,0.54,1770417199973,2064.22
0.46,0.51,0.47,0.54,1770417204075,2064.38
0.46,0.51,0.49,0.54,1770417204084,2064.38
0.46,0.51,0.49,0.53,1770417204095,2064.38
0.47,0.51,0.49,0.53,1770417204097,2064.38
0.48,0.51,0.49,0.53,1770417204121,2064.38
0.48,0.51,0.49,0.52,1770417204122,2064.38
0.48,0.5,0.49,0.52,1770417205419,2064.79
0.48,0.5,0.5,0.52,1770417205427,2064.79
0.49,0.5,0.5,0.52,1770417205436,2064.79
0.49,0.5,0.5,0.51,1770417205437,2064.79
0.48,0.5,0.5,0.51,1770417208790,2064.8
0.48,0.5,0.5,0.52,1770417208791,2064.8
0.48,0.51,0.5,0.52,1770417208797,2064.8
0.48,0.51,0.49,0.52,1770417208798,2064.8
0.48,0.51,0.5,0.52,1770417208804,2064.8
0.48,0.5,0.5,0.52,1770417208805,2064.8
0.48,0.51,0.5,0.52,1770417208808,2064.8
0.48,0.51,0.49,0.52,1770417208814,2064.8
0.47,0.51,0.49,0.52,1770417208982,2064.8
0.47,0.51,0.49,0.53,1770417208983,2064.8
0.47,0.51,0.49,0.54,1770417208994,2064.8
0.46,0.51,0.49,0.54,1770417208995,2064.8
0.46,0.52,0.48,0.54,1770417208996,2064.8
0.46,0.53,0.48,0.54,1770417209008,2064.8
0.46,0.53,0.47,0.54,1770417209009,2064.8
0.45,0.53,0.47,0.54,1770417209406,2064.26
0.45,0.53,0.47,0.55,1770417209411,2064.26
0.45,0.54,0.47,0.55,1770417209417,2064.26
0.45,0.54,0.46,0.55,1770417209418,2064.26
0.44,0.54,0.46,0.55,1770417209431,2064.26
0.44,0.54,0.46,0.56,1770417209434,2064.26
0.44,0.55,0.46,0.56,1770417209448,2064.26
0.44,0.55,0.45,0.56,1770417209449,2064.26
0.44,0.54,0.45,0.56,1770417210293,2064.22
0.44,0.54,0.46,0.56,1770417210294,2064.22
0.45,0.54,0.46,0.56,1770417210324,2064.22
0.45,0.54,0.46,0.55,1770417210325,2064.22
0.44,0.54,0.46,0.55,1770417214454,2064.21
0.44,0.54,0.46,0.56,1770417214462,2064.21
0.44,0.55,0.46,0.56,1770417214463,2064.21
0.44,0.55,0.45,0.56,1770417214464,2064.21
0.44,0.53,0.45,0.56,1770417219592,2064.27
0.44,0.53,0.47,0.56,1770417219593,2064.27
0.45,0.53,0.47,0.56,1770417219609,2064.27
0.45,0.53,0.47,0.55,1770417219610,2064.27
0.46,0.53,0.47,0.55,1770417219642,2064.27
0.46,0.53,0.47,0.54,1770417219643,2064.27
0.46,0.52,0.47,0.54,1770417220734,2064.48
0.46,0.52,0.48,0.54,1770417220735,2064.48
0.47,0.52,0.48,0.54,1770417220740,2064.48
0.47,0.52,0.48,0.53,1770417220768,2064.48
0.47,0.51,0.48,0.53,1770417230347,2064.71
0.48,0.51,0.49,0.53,1770417230348,2064.71
0.48,0.51,0.49,0.52,1770417230349,2064.71
0.48,0.5,0.49,0.52,1770417231027,2064.71
0.49,0.5,0.5,0.52,1770417231030,2064.71
0.49,0.5,0.5,0.51,1770417231042,2064.71
0.47,0.5,0.5,0.51,1770417233239,2064.63
0.47,0.5,0.5,0.53,1770417233240,2064.63
0.47,0.51,0.49,0.53,1770417233241,2064.63
0.47,0.52,0.49,0.53,1770417233263,2064.63
0.47,0.52,0.48,0.53,1770417233265,2064.63
0.46,0.52,0.48,0.53,1770417233449,2064.63
0.46,0.52,0.48,0.54,1770417233450,2064.63
0.46,0.53,0.48,0.54,1770417233469,2064.63
0.46,0.53,0.47,0.54,1770417233470,2064.63
0.45,0.53,0.47,0.54,1770417234880,2064.36
0.45,0.53,0.47,0.55,1770417234885,2064.36
0.45,0.54,0.47,0.55,1770417234945,2064.36
0.45,0.54,0.46,0.55,1770417234947,2064.36
0.45,0.53,0.46,0.55,1770417235182,2064.36
0.45,0.53,0.47,0.55,1770417235186,2064.36
0.45,0.54,0.47,0.55,1770417235230,2064.36
0.45,0.54,0.46,0.55,1770417235231,2064.36
0.45,0.53,0.46,0.55,1770417242805,2064.36
0.45,0.53,0.47,0.55,1770417242806,2064.36
0.46,0.53,0.47,0.55,1770417242825,2064.36
0.46,0.53,0.47,0.54,1770417242826,2064.36
0.46,0.52,0.47,0.54,1770417242836,2064.36
0.46,0.52,0.48,0.54,1770417242838,2064.36
0.46,0.52,0.48,0.53,1770417242888,2064.36
0.47,0.52,0.48,0.53,1770417242894,2064.36
0.47,0.51,0.48,0.53,1770417245562,2064.63
0.47,0.51,0.49,0.53,1770417245563,2064.63
0.48,0.51,0.49,0.53,1770417245596,2064.63
0.48,0.51,0.49,0.52,1770417245597,2064.63
0.48,0.5,0.49,0.52,1770417249152,2064.85
0.49,0.5,0.5,0.52,1770417249153,2064.85
0.49,0.5,0.5,0.51,1770417249164,2064.85
0.49,0.49,0.5,0.51,1770417250949,2065.21
0.49,0.49,0.51,0.51,1770417250954,2065.21
0.5,0.49,0.51,0.51,1770417250965,2065.21
0.5,0.49,0.51,0.5,1770417250973,2065.21
0.5,0.48,0.51,0.5,1770417251304,2065.35
0.5,0.48,0.52,0.5,1770417251310,2065.35
0.51,0.48,0.52,0.5,1770417251311,2065.35
0.51,0.48,0.52,0.49,1770417251312,2065.35
0.51,0.47,0.52,0.49,1770417251825,2065.35
0.51,0.47,0.53,0.49,1770417251826,2065.35
0.52,0.47,0.53,0.49,1770417251830,2065.35
0.52,0.47,0.53,0.48,1770417251837,2065.35
0.51,0.47,0.53,0.48,1770417253112,2065.47
0.51,0.47,0.53,0.49,1770417253117,2065.47
0.51,0.48,0.53,0.49,1770417253128,2065.47
0.51,0.48,0.52,0.49,1770417253129,2065.47
0.5,0.48,0.52,0.49,1770417253350,2065.23
0.5,0.48,0.52,0.5,1770417253357,2065.23
0.5,0.49,0.52,0.5,1770417253365,2065.23
0.5,0.49,0.51,0.5,1770417253371,2065.23
0.5,0.48,0.51,0.5,1770417256229,2064.96
0.5,0.47,0.52,0.5,1770417256238,2064.96
0.5,0.47,0.53,0.5,1770417256245,2064.96
0.51,0.47,0.53,0.5,1770417256246,2064.96
0.51,0.47,0.53,0.49,1770417256253,2064.96
0.51,0.47,0.52,0.49,1770417256255,2064.96
0.51,0.48,0.52,0.49,1770417256256,2064.96
0.51,0.48,0.52,0.5,1770417257192,2065.22
0.5,0.48,0.52,0.5,1770417257193,2065.22
0.5,0.49,0.52,0.5,1770417257194,2065.22
0.5,0.49,0.51,0.5,1770417257204,2065.22
0.5,0.49,0.52,0.5,1770417260559,2065.06
0.5,0.48,0.52,0.5,1770417260560,2065.06
0.51,0.48,0.52,0.5,1770417260574,2065.06
0.51,0.48,0.52,0.49,1770417260587,2065.06
0.51,0.46,0.52,0.49,1770417263522,2069.45
0.51,0.46,0.54,0.49,1770417263523,2069.45
0.51,0.29,0.54,0.49,1770417263543,2069.45
0.51,0.29,0.71,0.49,1770417263544,2069.45
0.58,0.29,0.71,0.49,1770417263550,2069.45
0.58,0.29,0.71,0.42,1770417263551,2069.45
0.58,0.28,0.71,0.42,1770417263554,2069.45
0.58,0.33,0.72,0.42,1770417263555,2069.45
0.58,0.33,0.67,0.42,1770417263559,2069.45
0.59,0.33,0.67,0.42,1770417263580,2069.45
0.59,0.33,0.67,0.41,1770417263588,2069.45
0.59,0.34,0.67,0.41,1770417263595,2069.45
0.59,0.34,0.66,0.41,1770417263596,2069.45
0.59,0.3,0.66,0.33,1770417263606,2069.45
0.67,0.3,0.7,0.33,1770417263607,2069.45
0.71,0.3,0.72,0.33,1770417263623,2069.45
0.71,0.28,0.72,0.29,1770417263624,2069.45
0.72,0.28,0.73,0.29,1770417263647,2069.45
0.72,0.27,0.73,0.28,1770417263648,2069.45
0.72,0.26,0.73,0.27,1770417263742,2069.45
0.73,0.26,0.74,0.27,1770417263743,2069.45
0.72,0.26,0.74,0.27,1770417264225,2069.45
0.72,0.26,0.74,0.28,1770417264226,2069.45
0.71,0.26,0.74,0.28,1770417264234,2068.09
0.71,0.26,0.74,0.29,1770417264235,2068.09
0.73,0.26,0.74,0.29,1770417264240,2068.09
0.73,0.26,0.74,0.27,1770417264241,2068.09
0.71,0.26,0.74,0.27,1770417264243,2068.09
0.71,0.26,0.74,0.29,1770417264245,2068.09
0.71,0.27,0.74,0.29,1770417264284,2068.09
0.71,0.27,0.73,0.29,1770417264288,2068.09
0.71,0.28,0.73,0.29,1770417264295,2068.09
0.71,0.28,0.72,0.29,1770417264299,2068.09
0.7,0.28,0.72,0.29,1770417264319,2068.09
0.7,0.28,0.72,0.3,1770417264320,2068.09
0.7,0.29,0.72,0.3,1770417264369,2068.09
0.7,0.29,0.71,0.3,1770417264373,2068.09
0.69,0.29,0.71,0.3,1770417264698,2068.09
0.69,0.29,0.71,0.31,1770417264699,2068.09
0.69,0.32,0.71,0.33,1770417264831,2068.09
0.67,0.32,0.68,0.33,1770417264832,2068.09
0.67,0.31,0.68,0.33,1770417266687,2067.69
0.67,0.31,0.69,0.33,1770417266692,2067.69
0.68,0.31,0.69,0.32,1770417266693,2067.69
0.68,0.3,0.69,0.32,1770417266972,2067.69
0.68,0.3,0.7,0.32,1770417266973,2067.69
0.69,0.3,0.7,0.32,1770417266976,2067.69
0.69,0.3,0.7,0.31,1770417266977,2067.69
0.69,0.3,0.7,0.32,1770417269623,2067.9
0.68,0.3,0.7,0.32,1770417269637,2067.9
0.68,0.31,0.7,0.32,1770417269656,2067.9
0.68,0.31,0.69,0.32,1770417269659,2067.9
0.68,0.3,0.69,0.32,1770417269908,2067.9
0.68,0.3,0.7,0.32,1770417269914,2067.9
0.69,0.3,0.7,0.31,1770417269915,2067.9
0.69,0.29,0.7,0.31,1770417270201,2067.9
0.7,0.29,0.71,0.31,1770417270202,2067.9
0.7,0.29,0.71,0.3,1770417270203,2067.9
0.7,0.27,0.71,0.3,1770417270353,2070.99
0.7,0.27,0.73,0.3,1770417270356,2070.99
0.7,0.24,0.73,0.3,1770417270360,2070.99
0.7,0.24,0.76,0.3,1770417270361,2070.99
0.7,0.26,0.76,0.3,1770417270362,2070.99
0.7,0.26,0.74,0.3,1770417270363,2070.99
0.71,0.26,0.74,0.3,1770417270366,2070.99
0.71,0.26,0.74,0.29,1770417270368,2070.99
0.72,0.26,0.74,0.29,1770417270384,2070.99
0.72,0.26,0.74,0.28,1770417270386,2070.99
0.72,0.27,0.74,0.28,1770417270390,2070.99
0.72,0.27,0.73,0.28,1770417270391,2070.99
0.72,0.24,0.73,0.28,1770417270396,2070.99
0.72,0.24,0.76,0.28,1770417270397,2070.99
0.72,0.27,0.76,0.28,1770417270407,2070.99
0.72,0.27,0.73,0.28,1770417270408,2070.99
0.73,0.27,0.76,0.28,1770417270420,2070.99
0.73,0.24,0.76,0.27,1770417270422,2070.99
0.74,0.24,0.76,0.27,1770417270433,2070.99
0.74,0.24,0.76,0.26,1770417270434,2070.99
0.74,0.24,0.77,0.26,1770417270462,2070.99
0.74,0.23,0.77,0.26,1770417270468,2070.99
0.75,0.23,0.77,0.26,1770417270470,2070.99
0.75,0.23,0.77,0.25,1770417270472,2070.99
0.75,0.24,0.77,0.25,1770417270473,2070.99
0.76,0.24,0.77,0.25,1770417270475,2070.99
0.76,0.23,0.77,0.24,1770417270476,2070.99
0.76,0.2,0.77,0.24,1770417270503,2070.99
0.76,0.2,0.8,0.24,1770417270504,2070.99
0.76,0.15,0.8,0.24,1770417270513,2070.99
0.76,0.15,0.85,0.24,1770417270515,2070.99
0.76,0.21,0.85,0.24,1770417270516,2070.99
0.76,0.21,0.79,0.24,1770417270517,2070.99
0.77,0.21,0.79,0.24,1770417270523,2070.99
0.77,0.21,0.79,0.23,1770417270525,2070.99
0.77,0.15,0.79,0.23,1770417270535,2070.99
0.77,0.15,0.85,0.23,1770417270536,2070.99
0.77,0.21,0.85,0.23,1770417270544,2070.99
0.77,0.21,0.79,0.23,1770417270545,2070.99
0.83,0.21,0.85,0.23,1770417270557,2070.99
0.83,0.15,0.85,0.17,1770417270559,2070.99
0.83,0.16,0.85,0.17,1770417270574,2070.99
0.83,0.16,0.84,0.17,1770417270576,2070.99
0.83,0.15,0.84,0.17,1770417271515,2071.0
0.83,0.15,0.85,0.17,1770417271516,2071.0
0.84,0.15,0.85,0.17,1770417271527,2071.0
0.84,0.15,0.85,0.16,1770417271528,2071.0
0.83,0.15,0.85,0.16,1770417280869,2071.99
0.83,0.15,0.85,0.17,1770417280870,2071.99
0.83,0.16,0.85,0.17,1770417280907,2071.99
0.83,0.16,0.84,0.17,1770417280908,2071.99
0.82,0.16,0.84,0.17,1770417286965,2071.8
0.82,0.16,0.84,0.18,1770417286966,2071.8
0.83,0.16,0.84,0.18,1770417286967,2071.8
0.83,0.16,0.84,0.17,1770417286969,2071.8
0.82,0.16,0.84,0.17,1770417289060,2071.71
0.82,0.16,0.84,0.18,1770417289082,2071.71
0.82,0.17,0.84,0.18,1770417289107,2071.71
0.82,0.17,0.83,0.18,1770417289110,2071.71
0.82,0.16,0.83,0.18,1770417294927,2072.0
0.82,0.16,0.84,0.18,1770417294929,2072.0
0.83,0.16,0.84,0.18,1770417294933,2072.0
0.83,0.16,0.84,0.17,1770417294934,2072.0
0.8,0.16,0.84,0.17,1770417297961,2072.0
0.8,0.16,0.84,0.2,1770417297962,2072.0
0.81,0.16,0.84,0.2,1770417297965,2072.0
0.81,0.16,0.84,0.19,1770417297966,2072.0
0.82,0.16,0.84,0.19,1770417297991,2072.0
0.82,0.16,0.84,0.18,1770417297992,2072.0
0.82,0.17,0.84,0.18,1770417298020,2072.0
0.82,0.17,0.83,0.18,1770417298021,2072.0
0.82,0.16,0.83,0.18,1770417300491,2072.0
0.82,0.16,0.84,0.18,1770417300493,2072.0
0.83,0.16,0.84,0.18,1770417300502,2072.0
0.83,0.16,0.84,0.17,1770417300503,2072.0
0.82,0.16,0.84,0.17,1770417300715,2072.0
0.82,0.16,0.84,0.18,1770417300717,2072.0
0.82,0.16,0.84,0.17,1770417300810,2072.0
0.83,0.16,0.84,0.17,1770417300811,2072.0
0.82,0.16,0.84,0.17,1770417301499,2071.99
0.82,0.16,0.84,0.18,1770417301500,2071.99
0.82,0.17,0.84,0.18,1770417301553,2071.99
0.82,0.17,0.83,0.18,1770417301554,2071.99
0.82,0.16,0.83,0.18,1770417302219,2071.99
0.82,0.16,0.84,0.18,1770417302221,2071.99
0.83,0.16,0.84,0.18,1770417302226,2071.99
0.83,0.16,0.84,0.17,1770417302232,2072.0
0.84,0.16,0.85,0.17,1770417302244,2072.0
0.84,0.15,0.85,0.16,1770417302245,2072.0
0.83,0.15,0.85,0.16,1770417305053,2071.61
0.83,0.16,0.85,0.17,1770417305056,2071.61
0.83,0.16,0.84,0.17,1770417305058,2071.61
0.82,0.16,0.84,0.17,1770417305135,2071.61
0.82,0.16,0.84,0.18,1770417305139,2071.61
0.82,0.17,0.84,0.18,1770417305172,2071.61
0.82,0.17,0.83,0.18,1770417305173,2071.61
0.82,0.17,0.83,0.19,1770417305346,2071.61
0.81,0.17,0.83,0.19,1770417305347,2071.61
0.81,0.18,0.83,0.19,1770417305417,2071.61
0.81,0.18,0.82,0.19,1770417305420,2071.61
0.8,0.18,0.82,0.19,1770417306385,2071.48
0.8,0.18,0.82,0.2,1770417306386,2071.48
0.8,0.19,0.82,0.2,1770417306399,2071.48
0.8,0.19,0.81,0.2,1770417306400,2071.48
0.8,0.23,0.81,0.24,1770417306883,2071.48
0.76,0.23,0.77,0.24,1770417306884,2071.48
0.75,0.23,0.77,0.24,1770417307259,2070.27
0.75,0.23,0.77,0.25,1770417307263,2070.27
0.76,0.23,0.77,0.25,1770417307274,2070.27
0.76,0.23,0.77,0.24,1770417307275,2070.27
0.75,0.23,0.77,0.24,1770417307613,2070.27
0.75,0.23,0.77,0.25,1770417307614,2070.27
0.75,0.24,0.77,0.25,1770417307639,2070.27
0.75,0.24,0.76,0.25,1770417307640,2070.27
0.74,0.24,0.76,0.25,1770417308690,2069.92
0.74,0.24,0.76,0.26,1770417308698,2069.92
0.74,0.25,0.76,0.26,1770417308735,2069.92
0.74,0.25,0.75,0.26,1770417308736,2069.92
0.74,0.24,0.75,0.26,1770417310143,2069.75
0.75,0.24,0.76,0.26,1770417310144,2069.75
0.75,0.24,0.76,0.25,1770417310145,2069.75
0.75,0.23,0.76,0.25,1770417312047,2069.8
0.75,0.23,0.77,0.25,1770417312049,2069.8
0.76,0.23,0.77,0.25,1770417312066,2069.8
0.76,0.23,0.77,0.24,1770417312067,2069.8
0.76,0.22,0.77,0.24,1770417314837,2070.18
0.76,0.22,0.78,0.24,1770417314841,2070.18
0.77,0.22,0.78,0.24,1770417314863,2070.18
0.77,0.22,0.78,0.23,1770417314865,2070.18
0.77,0.21,0.78,0.23,1770417315188,2070.18
0.77,0.2,0.79,0.23,1770417315196,2070.18
0.77,0.2,0.8,0.23,1770417315197,2070.18
0.78,0.2,0.8,0.23,1770417315203,2070.18
0.78,0.2,0.8,0.22,1770417315205,2070.18
0.79,0.2,0.8,0.22,1770417315244,2070.18
0.79,0.2,0.8,0.21,1770417315263,2070.18
0.79,0.19,0.8,0.21,1770417318189,2070.92
0.79,0.19,0.81,0.21,1770417318193,2070.92
0.8,0.19,0.81,0.21,1770417318200,2070.92
0.8,0.19,0.81,0.2,1770417318203,2070.92
0.8,0.18,0.81,0.2,1770417319042,2071.31
0.8,0.19,0.82,0.2,1770417319044,2071.31
0.8,0.19,0.81,0.2,1770417319045,2071.31
0.8,0.18,0.81,0.2,1770417319111,2071.31
0.8,0.18,0.82,0.2,1770417319112,2071.31
0.81,0.18,0.82,0.19,1770417319115,2071.31
0.81,0.17,0.82,0.19,1770417320338,2071.99
0.81,0.17,0.83,0.19,1770417320339,2071.99
0.81,0.18,0.83,0.19,1770417320349,2071.99
0.81,0.18,0.82,0.19,1770417320350,2071.99
0.81,0.17,0.82,0.19,1770417320358,2071.99
0.82,0.17,0.83,0.19,1770417320359,2071.99
0.82,0.17,0.83,0.18,1770417320368,2071.99
0.81,0.17,0.83,0.18,1770417320648,2071.99
0.81,0.17,0.83,0.19,1770417320649,2071.99
0.81,0.18,0.83,0.19,1770417320674,2071.99
0.81,0.18,0.82,0.19,1770417320675,2071.99
0.81,0.17,0.82,0.19,1770417321823,2071.12
0.81,0.17,0.83,0.19,1770417321824,2071.12
0.82,0.17,0.83,0.19,1770417321829,2071.12
0.82,0.17,0.83,0.18,1770417321830,2071.12
0.82,0.16,0.83,0.18,1770417324542,2071.7
0.82,0.16,0.84,0.18,1770417324543,2071.7
0.83,0.16,0.84,0.18,1770417324551,2071.7
0.83,0.16,0.84,0.17,1770417324552,2071.7
0.82,0.16,0.84,0.17,1770417327247,2071.99
0.82,0.16,0.84,0.18,1770417327248,2071.99
0.82,0.17,0.84,0.18,1770417327296,2071.99
0.82,0.17,0.83,0.18,1770417327297,2071.99
0.82,0.15,0.83,0.18,1770417329349,2072.92
0.82,0.15,0.85,0.18,1770417329350,2072.92
0.83,0.15,0.85,0.18,1770417329363,2072.92
0.83,0.15,0.85,0.17,1770417329364,2072.92
0.84,0.15,0.85,0.17,1770417329379,2072.92
0.84,0.15,0.85,0.16,1770417329380,2072.92
0.84,0.1,0.85,0.16,1770417329619,2072.92
0.84,0.1,0.9,0.16,1770417329620,2072.92
0.84,0.09,0.9,0.16,1770417329630,2072.92
0.84,0.09,0.91,0.16,1770417329632,2072.92
0.85,0.09,0.91,0.16,1770417329634,2072.92
0.85,0.09,0.91,0.15,1770417329635,2072.92
0.87,0.09,0.91,0.15,1770417329639,2072.92
0.87,0.09,0.91,0.13,1770417329640,2072.92
0.88,0.09,0.91,0.13,1770417329680,2072.92
0.89,0.09,0.91,0.11,1770417329685,2072.92
0.9,0.09,0.91,0.11,1770417329690,2072.92
0.9,0.09,0.91,0.1,1770417329691,2072.92
0.9,0.08,0.91,0.1,1770417329891,2072.92
0.9,0.08,0.92,0.1,1770417329892,2072.92
0.91,0.08,0.92,0.1,1770417329929,2072.92
0.91,0.08,0.92,0.09,1770417329932,2072.92
0.91,0.07,0.92,0.09,1770417329953,2072.92
0.91,0.08,0.92,0.09,1770417329954,2072.92
0.91,0.07,0.92,0.09,1770417329982,2072.92
0.91,0.07,0.93,0.09,1770417329984,2072.92
0.92,0.07,0.93,0.09,1770417329996,2072.92
0.92,0.07,0.93,0.08,1770417329999,2072.92
0.92,0.06,0.93,0.08,1770417330867,2075.85
0.92,0.06,0.94,0.08,1770417330868,2075.85
0.93,0.06,0.94,0.08,1770417330869,2075.85
0.93,0.06,0.94,0.07,1770417330870,2075.85
0.93,0.05,0.94,0.07,1770417332019,2076.23
0.93,0.05,0.95,0.07,1770417332020,2076.23
0.94,0.05,0.95,0.06,1770417332021,2076.23
0.94,0.05,0.95,0.07,1770417333142,2076.63
0.93,0.05,0.95,0.07,1770417333146,2076.63
0.93,0.06,0.95,0.07,1770417333157,2076.63
0.93,0.06,0.94,0.07,1770417333159,2076.63
0.91,0.06,0.94,0.07,1770417333306,2075.91
0.91,0.06,0.94,0.09,1770417333307,2075.91
0.91,0.07,0.94,0.09,1770417333313,2075.91
0.91,0.07,0.93,0.09,1770417333314,2075.91
0.91,0.08,0.93,0.09,1770417333343,2075.91
0.91,0.08,0.92,0.09,1770417333345,2075.91
0.91,0.08,0.92,0.1,1770417333572,2075.91
0.9,0.08,0.92,0.1,1770417333573,2075.91
0.9,0.09,0.92,0.1,1770417333609,2075.91
0.9,0.09,0.91,0.1,1770417333610,2075.91
0.9,0.09,0.92,0.1,1770417334651,2074.75
0.9,0.08,0.92,0.1,1770417334652,2074.75
0.91,0.08,0.92,0.1,1770417334663,2074.75
0.91,0.08,0.92,0.09,1770417334672,2074.75
0.91,0.07,0.92,0.09,1770417335450,2075.84
0.91,0.07,0.93,0.09,1770417335453,2075.84
0.92,0.07,0.93,0.09,1770417335454,2075.84
0.92,0.07,0.93,0.08,1770417335455,2075.84
0.92,0.07,0.93,0.09,1770417336451,2076.32
0.91,0.07,0.93,0.09,1770417336452,2076.32
0.91,0.08,0.93,0.09,1770417336504,2076.32
0.91,0.08,0.92,0.09,1770417336505,2076.32
0.9,0.08,0.92,0.09,1770417337049,2076.32
0.9,0.08,0.92,0.1,1770417337050,2076.32
0.9,0.09,0.92,0.1,1770417337085,2076.32
0.9,0.09,0.91,0.1,1770417337099,2076.32
0.9,0.08,0.91,0.1,1770417337756,2075.3
0.9,0.08,0.92,0.1,1770417337758,2075.3
0.91,0.08,0.92,0.1,1770417337765,2075.3
0.91,0.08,0.92,0.09,1770417337770,2075.3
0.91,0.07,0.92,0.09,1770417338365,2075.82
0.92,0.07,0.93,0.09,1770417338371,2075.82
0.92,0.07,0.93,0.08,1770417338384,2075.82
0.92,0.06,0.93,0.08,1770417345485,2076.6
0.92,0.06,0.94,0.08,1770417345486,2076.6
0.93,0.06,0.94,0.08,1770417345489,2076.6
0.93,0.06,0.94,0.07,1770417345490,2076.6
0.92,0.06,0.94,0.07,1770417352268,2076.88
0.92,0.06,0.94,0.08,1770417352270,2076.88
0.92,0.07,0.94,0.08,1770417352391,2076.88
0.92,0.07,0.93,0.08,1770417352392,2076.88
0.91,0.07,0.93,0.08,1770417358285,2076.07
0.91,0.07,0.93,0.09,1770417358286,2076.07
0.91,0.08,0.93,0.09,1770417358337,2076.07
0.91,0.08,0.92,0.09,1770417358338,2076.07
0.9,0.08,0.92,0.09,1770417360413,2075.33
0.9,0.08,0.92,0.1,1770417360420,2075.33
0.91,0.08,0.92,0.09,1770417360424,2075.33
0.9,0.08,0.92,0.09,1770417360930,2075.33
0.9,0.08,0.92,0.1,1770417360931,2075.33
0.9,0.09,0.92,0.1,1770417360954,2075.33
0.9,0.09,0.91,0.1,1770417360955,2075.33
0.9,0.08,0.91,0.1,1770417361239,2075.33
0.9,0.08,0.92,0.1,1770417361240,2075.33
0.91,0.08,0.92,0.1,1770417361253,2075.33
0.91,0.08,0.92,0.09,1770417361254,2075.33
0.91,0.08,0.93,0.09,1770417361991,2075.33
0.91,0.07,0.93,0.09,1770417361992,2075.33
0.92,0.07,0.93,0.09,1770417362058,2075.33
0.92,0.07,0.93,0.08,1770417362060,2075.33
0.92,0.06,0.93,0.08,1770417366328,2075.8
0.92,0.06,0.94,0.08,1770417366329,2075.8
0.93,0.06,0.94,0.08,1770417366338,2075.8
0.93,0.06,0.94,0.07,1770417366340,2075.8
0.92,0.06,0.94,0.07,1770417367149,2075.8
0.92,0.06,0.94,0.08,1770417367150,2075.8
0.92,0.07,0.94,0.08,1770417367167,2075.8
0.92,0.07,0.93,0.08,1770417367168,2075.8
0.91,0.07,0.93,0.08,1770417367564,2073.82
0.91,0.07,0.93,0.09,1770417367565,2073.82
0.92,0.07,0.93,0.09,1770417367580,2073.82
0.92,0.07,0.93,0.08,1770417367581,2073.82
0.91,0.07,0.93,0.08,1770417367664,2073.82
0.91,0.08,0.93,0.09,1770417367671,2073.82
0.91,0.08,0.92,0.09,1770417367673,2073.82
0.91,0.09,0.92,0.1,1770417368686,2074.68
0.9,0.09,0.91,0.1,1770417368687,2074.68
0.9,0.08,0.91,0.1,1770417370631,2074.66
0.9,0.08,0.92,0.1,1770417370632,2074.66
0.91,0.08,0.92,0.1,1770417370637,2074.66
0.91,0.08,0.92,0.09,1770417370638,2074.66
0.91,0.09,0.92,0.1,1770417372424,2074.57
0.9,0.09,0.91,0.1,1770417372443,2074.57
0.9,0.08,0.91,0.1,1770417374617,2074.6
0.9,0.08,0.92,0.1,1770417374618,2074.6
0.91,0.08,0.92,0.1,1770417374634,2074.6
0.91,0.08,0.92,0.09,1770417374638,2074.6
0.91,0.08,0.93,0.09,1770417378010,2075.03
0.92,0.07,0.93,0.09,1770417378011,2075.03
0.92,0.07,0.93,0.08,1770417378013,2075.03
0.92,0.06,0.93,0.08,1770417379465,2075.47
0.92,0.06,0.94,0.08,1770417379472,2075.47
0.93,0.06,0.94,0.08,1770417379477,2075.47
0.93,0.06,0.94,0.07,1770417379478,2075.47
0.93,0.05,0.94,0.07,1770417381303,2076.52
0.94,0.05,0.95,0.07,1770417381308,2076.52
0.94,0.05,0.95,0.06,1770417381314,2076.52
0.94,0.04,0.95,0.06,1770417390136,2076.36
0.95,0.04,0.96,0.05,1770417390137,2076.36
0.95,0.03,0.96,0.05,1770417392334,2079.15
0.95,0.03,0.97,0.05,1770417392335,2079.15
0.96,0.03,0.97,0.05,1770417392340,2079.15
0.96,0.03,0.97,0.04,1770417392347,2079.15
0.95,0.03,0.97,0.04,1770417396098,2078.08
0.95,0.03,0.97,0.05,1770417396099,2078.08
0.95,0.04,0.97,0.05,1770417396104,2078.08
0.95,0.04,0.96,0.05,1770417396108,2078.08
0.95,0.04,0.97,0.05,1770417396421,2077.86
0.95,0.03,0.97,0.05,1770417396426,2077.86
0.96,0.03,0.97,0.05,1770417396437,2077.86
0.96,0.03,0.97,0.04,1770417396438,2077.86
0.96,0.02,0.97,0.04,1770417399366,2082.17
0.96,0.02,0.98,0.04,1770417399367,2082.17
0.97,0.02,0.98,0.04,1770417399377,2082.17
0.97,0.02,0.98,0.03,1770417399378,2082.17
0.96,0.02,0.97,0.03,1770417400745,2080.72
0.96,0.03,0.97,0.04,1770417400746,2080.72
0.95,0.03,0.97,0.04,1770417404551,2079.42
0.95,0.03,0.97,0.05,1770417404552,2079.42
0.96,0.03,0.97,0.05,1770417404575,2079.42
0.96,0.03,0.97,0.04,1770417404585,2079.42
0.95,0.03,0.97,0.04,1770417416876,2077.88
0.95,0.03,0.97,0.05,1770417416887,2077.88
0.95,0.04,0.97,0.05,1770417416975,2077.88
0.95,0.04,0.96,0.05,1770417416981,2077.88
0.95,0.03,0.96,0.05,1770417422056,2077.87
0.95,0.03,0.97,0.05,1770417422072,2077.87
0.96,0.03,0.97,0.05,1770417422197,2077.87
0.96,0.03,0.97,0.04,1770417422200,2077.87
0.95,0.03,0.97,0.04,1770417424872,2077.68
0.95,0.03,0.97,0.05,1770417424873,2077.68
0.95,0.04,0.97,0.05,1770417424882,2077.68
0.95,0.04,0.96,0.05,1770417424895,2077.68
0.95,0.03,0.96,0.05,1770417424925,2077.68
0.95,0.03,0.97,0.05,1770417424926,2077.68
0.95,0.04,0.97,0.05,1770417424928,2077.68
0.95,0.04,0.96,0.05,1770417424929,2077.68
0.95,0.04,0.96,0.06,1770417434510,2075.94
0.94,0.05,0.96,0.06,1770417434516,2075.94
0.94,0.05,0.95,0.06,1770417434527,2075.94
0.94,0.04,0.95,0.06,1770417446604,2076.5
0.95,0.04,0.96,0.06,1770417446608,2076.5
0.95,0.04,0.96,0.05,1770417446623,2076.5
0.95,0.04,0.96,0.06,1770417452314,2075.94
0.94,0.04,0.96,0.06,1770417452315,2075.94
0.94,0.04,0.95,0.06,1770417452348,2075.94
0.94,0.05,0.95,0.06,1770417452349,2075.94
0.949,0.05,0.95,0.06,1770417453072,2075.94
0.949,0.05,0.95,0.051,1770417453090,2075.94
0.94,0.05,0.95,0.051,1770417453719,2075.94
0.94,0.05,0.95,0.06,1770417453720,2075.94
0.94,0.05,0.96,0.06,1770417458464,2076.03
0.95,0.04,0.96,0.05,1770417458473,2076.03
0.95,0.04,0.96,0.06,1770417459616,2075.94
0.94,0.04,0.96,0.06,1770417459617,2075.94
0.94,0.04,0.95,0.06,1770417459654,2075.94
0.94,0.05,0.95,0.06,1770417459663,2075.94
0.94,0.04,0.95,0.06,1770417468406,2075.67
0.95,0.04,0.96,0.06,1770417468409,2075.67
0.95,0.04,0.96,0.05,1770417468418,2075.67
0.96,0.04,0.97,0.05,1770417480582,2076.88
0.96,0.03,0.97,0.04,1770417480583,2076.88
0.96,0.021,0.97,0.04,1770417493384,2076.89
0.96,0.021,0.979,0.04,1770417493411,2076.89
0.97,0.021,0.979,0.04,1770417493713,2076.89
0.97,0.021,0.979,0.03,1770417493714,2076.89
0.96,0.021,0.979,0.03,1770417493744,2076.89
0.96,0.021,0.979,0.04,1770417493745,2076.89
0.96,0.021,0.979,0.03,1770417497530,2077.6
0.97,0.021,0.979,0.03,1770417497531,2077.6
0.97,0.02,0.979,0.03,1770417498058,2077.6
0.97,0.02,0.98,0.03,1770417498059,2077.6
0.971,0.02,0.98,0.03,1770417508439,2079.42
0.971,0.02,0.98,0.029,1770417508440,2079.42
0.972,0.02,0.98,0.029,1770417508516,2079.42
0.972,0.02,0.98,0.028,1770417508518,2079.42
0.973,0.02,0.98,0.028,1770417508593,2079.42
0.973,0.02,0.98,0.027,1770417508594,2079.42
0.974,0.02,0.98,0.027,1770417508676,2079.42
0.974,0.02,0.98,0.026,1770417508677,2079.42
0.975,0.02,0.98,0.026,1770417508752,2079.42
0.975,0.02,0.98,0.025,1770417508753,2079.42
0.974,0.02,0.98,0.025,1770417508789,2079.42
0.974,0.02,0.98,0.026,1770417508790,2079.42
0.973,0.02,0.98,0.026,1770417508791,2079.42
0.972,0.02,0.98,0.028,1770417508797,2079.42
0.971,0.02,0.98,0.028,1770417508803,2079.42
0.971,0.02,0.98,0.029,1770417508804,2079.42
0.972,0.02,0.98,0.029,1770417508831,2079.42
0.972,0.02,0.98,0.028,1770417508832,2079.42
0.97,0.02,0.98,0.028,1770417508856,2079.42
0.97,0.02,0.98,0.03,1770417508860,2079.42
0.971,0.02,0.98,0.03,1770417508885,2079.42
0.971,0.02,0.98,0.029,1770417508888,2079.42
0.97,0.02,0.98,0.029,1770417508910,2079.42
0.972,0.02,0.98,0.03,1770417508911,2079.42
0.972,0.02,0.98,0.028,1770417508912,2079.42
0.971,0.02,0.98,0.028,1770417508945,2079.42
0.971,0.02,0.98,0.029,1770417508946,2079.42
0.97,0.02,0.98,0.029,1770417508948,2079.42
0.97,0.02,0.98,0.03,1770417508954,2079.42
0.971,0.02,0.98,0.03,1770417511937,2079.22
0.971,0.02,0.98,0.029,1770417511938,2079.22
0.972,0.02,0.98,0.029,1770417511964,2079.22
0.972,0.02,0.98,0.028,1770417511965,2079.22
0.973,0.02,0.98,0.028,1770417512059,2079.22
0.973,0.02,0.98,0.027,1770417512060,2079.22
0.974,0.02,0.98,0.027,1770417512170,2079.22
0.974,0.02,0.98,0.026,1770417512172,2079.22
0.975,0.02,0.98,0.026,1770417512225,2079.22
0.975,0.02,0.98,0.025,1770417512226,2079.22
0.976,0.02,0.98,0.025,1770417512308,2083.0
0.976,0.02,0.98,0.024,1770417512310,2083.0
0.977,0.02,0.98,0.024,1770417512418,2083.0
0.977,0.02,0.98,0.023,1770417512419,2083.0
0.978,0.02,0.98,0.023,1770417512528,2083.0
0.978,0.02,0.98,0.022,1770417512529,2083.0
0.979,0.02,0.98,0.022,1770417512612,2083.0
0.979,0.02,0.98,0.021,1770417512615,2083.0
0.98,0.02,0.989,0.021,1770417517062,2085.02
0.98,0.011,0.989,0.02,1770417517088,2085.02
0.981,0.011,0.989,0.02,1770417517093,2085.02
0.981,0.011,0.989,0.019,1770417517094,2085.02
0.982,0.011,0.989,0.019,1770417517170,2085.02
0.982,0.011,0.989,0.018,1770417517177,2085.02
0.983,0.011,0.989,0.018,1770417517251,2084.52
0.983,0.011,0.989,0.017,1770417517256,2084.52
0.984,0.011,0.989,0.017,1770417517328,2084.52
0.984,0.011,0.989,0.016,1770417517329,2084.52
0.985,0.011,0.989,0.016,1770417517402,2084.52
0.985,0.011,0.989,0.015,1770417517403,2084.52
0.986,0.011,0.989,0.015,1770417517484,2084.52
0.986,0.011,0.989,0.014,1770417517485,2084.52
0.987,0.011,0.989,0.014,1770417517570,2084.52
0.987,0.011,0.989,0.013,1770417517574,2084.52
0.988,0.011,0.989,0.013,1770417517643,2084.52
0.988,0.011,0.989,0.012,1770417517644,2084.52
0.98,0.011,0.989,0.012,1770417519568,2084.43
0.98,0.011,0.989,0.02,1770417519569,2084.43
0.981,0.011,0.989,0.02,1770417519595,2084.43
0.981,0.011,0.989,0.019,1770417519602,2084.43
0.981,0.01,0.989,0.019,1770417519978,2084.43
0.981,0.01,0.99,0.019,1770417519979,2084.43
0.98,0.01,0.99,0.019,1770417525418,2081.96
0.98,0.01,0.99,0.02,1770417525443,2081.96
0.981,0.01,0.99,0.02,1770417525494,2081.96
0.981,0.01,0.99,0.019,1770417525497,2081.96
0.98,0.01,0.99,0.019,1770417525688,2081.96
0.98,0.01,0.99,0.02,1770417525718,2081.96
0.981,0.01,0.99,0.02,1770417525771,2081.96
0.981,0.01,0.99,0.019,1770417525789,2081.96
0.981,0.01,0.99,0.02,1770417529043,2084.6
0.98,0.01,0.99,0.02,1770417529044,2084.6
0.98,0.019,0.99,0.02,1770417531813,2084.57
0.98,0.019,0.981,0.02,1770417531838,2084.57
0.98,0.01,0.981,0.02,1770417543797,2083.4
0.98,0.01,0.99,0.02,1770417543824,2083.4
0.98,0.02,0.99,0.03,1770417547816,2079.72
0.97,0.02,0.98,0.03,1770417547817,2079.72
0.96,0.02,0.98,0.03,1770417549164,2078.64
0.96,0.02,0.98,0.04,1770417549165,2078.64
0.97,0.02,0.98,0.04,1770417549183,2078.64
0.97,0.02,0.98,0.03,1770417549184,2078.64
0.97,0.02,0.98,0.04,1770417549702,2078.47
0.96,0.03,0.98,0.04,1770417549705,2078.47
0.96,0.03,0.97,0.04,1770417549725,2078.47
0.96,0.02,0.97,0.04,1770417555243,2078.76
0.96,0.02,0.98,0.04,1770417555244,2078.76
0.97,0.02,0.98,0.04,1770417664375,2076.04
0.97,0.02,0.98,0.03,1770417664376,2076.04
0.97,0.03,0.98,0.04,1770417667276,2076.04
0.96,0.03,0.97,0.04,1770417667278,2076.04
0.969,0.03,0.97,0.04,1770417668019,2076.03
0.969,0.03,0.97,0.031,1770417668020,2076.03
0.96,0.03,0.97,0.031,1770417672343,2074.14
0.96,0.03,0.97,0.04,1770417672344,2074.14
0.95,0.03,0.97,0.04,1770417680772,2073.47
0.95,0.04,0.96,0.05,1770417680773,2073.47
0.94,0.04,0.96,0.05,1770417681431,2071.92
0.94,0.04,0.96,0.06,1770417681432,2071.92
0.94,0.05,0.96,0.06,1770417681443,2071.92
0.94,0.05,0.95,0.06,1770417681444,2071.92
0.93,0.05,0.95,0.06,1770417681466,2071.92
0.93,0.05,0.95,0.07,1770417681467,2071.92
0.93,0.06,0.95,0.07,1770417681468,2071.92
0.93,0.06,0.94,0.07,1770417681469,2071.92
0.93,0.05,0.94,0.07,1770417681712,2071.92
0.93,0.05,0.95,0.07,1770417681713,2071.92
0.94,0.05,0.95,0.07,1770417681720,2071.92
0.94,0.05,0.95,0.06,1770417681721,2071.92
0.94,0.05,0.96,0.06,1770417682198,2071.92
0.95,0.04,0.96,0.06,1770417682205,2071.92
0.95,0.04,0.96,0.05,1770417682208,2071.92
0.94,0.04,0.96,0.05,1770417682423,2072.88
0.94,0.04,0.96,0.06,1770417682440,2072.88
0.95,0.04,0.96,0.06,1770417683194,2072.88
0.95,0.04,0.96,0.05,1770417683200,2072.88
0.95,0.03,0.96,0.05,1770417684559,2073.59
0.95,0.03,0.97,0.05,1770417684560,2073.59
0.96,0.03,0.97,0.05,1770417684626,2073.59
0.96,0.03,0.97,0.04,1770417684628,2073.59
0.96,0.03,0.97,0.05,1770417688982,2074.64
0.95,0.04,0.97,0.05,1770417688983,2074.64
0.95,0.04,0.96,0.05,1770417688984,2074.64
0.955,0.04,0.96,0.05,1770417692439,2073.74
0.955,0.04,0.96,0.045,1770417692464,2073.74
0.94,0.04,0.96,0.045,1770417696022,2073.67
0.94,0.04,0.96,0.06,1770417696027,2073.67
0.95,0.04,0.96,0.06,1770417696453,2073.37
0.95,0.04,0.96,0.05,1770417696454,2073.37
0.94,0.04,0.96,0.05,1770417696562,2073.37
0.94,0.04,0.96,0.06,1770417696563,2073.37
0.94,0.05,0.96,0.06,1770417696636,2073.37
0.94,0.05,0.95,0.06,1770417696643,2073.37
0.94,0.04,0.95,0.06,1770417696754,2073.37
0.94,0.04,0.96,0.06,1770417696758,2073.37
0.95,0.04,0.96,0.06,1770417696767,2073.37
0.95,0.04,0.96,0.05,1770417696768,2073.37
0.94,0.04,0.96,0.05,1770417696983,2073.37
0.94,0.04,0.96,0.06,1770417696985,2073.37
0.94,0.05,0.96,0.06,1770417697489,2073.12
0.94,0.05,0.95,0.06,1770417697496,2073.12
0.94,0.05,0.95,0.07,1770417697979,2073.12
0.93,0.05,0.95,0.07,1770417697995,2073.12
0.94,0.05,0.95,0.07,1770417698020,2073.12
0.94,0.05,0.95,0.06,1770417698021,2073.12
0.93,0.05,0.95,0.06,1770417698608,2072.68
0.93,0.05,0.95,0.07,1770417698609,2072.68
0.93,0.06,0.95,0.07,1770417698671,2072.68
0.93,0.06,0.94,0.07,1770417698673,2072.68
0.931,0.06,0.94,0.07,1770417700920,2072.47
0.931,0.06,0.94,0.069,1770417700922,2072.47
0.931,0.05,0.94,0.069,1770417701015,2072.47
0.94,0.05,0.95,0.069,1770417701018,2072.47
0.94,0.05,0.95,0.06,1770417701019,2072.47
0.94,0.04,0.95,0.06,1770417705335,2073.32
0.95,0.04,0.96,0.06,1770417705349,2073.32
0.95,0.04,0.96,0.05,1770417705352,2073.32
0.95,0.04,0.96,0.06,1770417707113,2073.32
0.94,0.05,0.96,0.06,1770417707122,2073.32
0.94,0.05,0.95,0.06,1770417707123,2073.32
0.94,0.04,0.95,0.06,1770417707229,2073.31
0.95,0.04,0.96,0.06,1770417707230,2073.31
0.95,0.04,0.96,0.05,1770417707238,2073.31
0.94,0.04,0.96,0.05,1770417707454,2073.31
0.94,0.04,0.96,0.06,1770417707455,2073.31
0.94,0.04,0.95,0.06,1770417707509,2073.31
0.94,0.05,0.95,0.06,1770417707530,2073.31
0.93,0.05,0.95,0.06,1770417711383,2072.31
0.93,0.05,0.95,0.07,1770417711403,2072.31
0.93,0.06,0.95,0.07,1770417711573,2072.31
0.93,0.06,0.94,0.07,1770417711581,2072.31
0.931,0.06,0.94,0.07,1770417712784,2072.21
0.931,0.06,0.94,0.069,1770417712798,2072.21
0.931,0.05,0.94,0.069,1770417715040,2072.17
0.94,0.05,0.95,0.06,1770417715041,2072.17
0.936,0.05,0.95,0.06,1770417717275,2072.02
0.936,0.05,0.95,0.064,1770417717276,2072.02
0.936,0.05,0.94,0.064,1770417717321,2072.02
0.936,0.06,0.94,0.064,1770417717322,2072.02
0.93,0.06,0.94,0.064,1770417717348,2072.02
0.93,0.06,0.94,0.07,1770417717351,2072.02
0.939,0.06,0.94,0.07,1770417719690,2071.71
0.939,0.06,0.94,0.061,1770417719711,2071.71
0.939,0.05,0.94,0.061,1770417719972,2071.71
0.939,0.05,0.95,0.061,1770417719973,2071.71
0.94,0.05,0.95,0.061,1770417720452,2071.71
0.94,0.05,0.95,0.06,1770417720460,2071.71
0.94,0.03,0.95,0.06,1770417722486,2072.31
0.94,0.03,0.97,0.06,1770417722487,2072.31
0.95,0.03,0.97,0.06,1770417722490,2072.31
0.95,0.03,0.97,0.05,1770417722495,2072.31
0.96,0.03,0.97,0.05,1770417722508,2072.31
0.96,0.03,0.97,0.04,1770417722509,2072.31
0.96,0.031,0.97,0.04,1770417722672,2072.31
0.96,0.031,0.969,0.04,1770417722673,2072.31
0.96,0.03,0.969,0.04,1770417724568,2072.74
0.96,0.03,0.97,0.04,1770417724569,2072.74
0.961,0.03,0.97,0.04,1770417729241,2074.28
0.961,0.03,0.97,0.039,1770417729242,2074.28
0.96,0.03,0.97,0.039,1770417732462,2074.22
0.96,0.03,0.97,0.04,1770417732466,2074.22
0.961,0.03,0.97,0.04,1770417737070,2073.77
0.961,0.03,0.97,0.039,1770417737073,2073.77
0.962,0.03,0.97,0.039,1770417744035,2075.29
0.962,0.03,0.97,0.038,1770417744061,2075.29
0.963,0.03,0.97,0.038,1770417744070,2075.29
0.963,0.03,0.97,0.037,1770417744087,2075.29
0.961,0.03,0.97,0.037,1770417744109,2075.29
0.961,0.03,0.97,0.039,1770417744120,2075.29
0.962,0.03,0.97,0.039,1770417744146,2075.29
0.962,0.03,0.97,0.038,1770417744165,2075.29
0.961,0.03,0.97,0.038,1770417744182,2075.29
0.961,0.03,0.97,0.039,1770417744183,2075.29
0.962,0.03,0.97,0.039,1770417744334,2075.7
0.962,0.03,0.97,0.038,1770417744343,2075.7
0.963,0.03,0.97,0.038,1770417758741,2074.72
0.963,0.03,0.97,0.037,1770417758742,2074.72
0.964,0.03,0.97,0.037,1770417761867,2074.84
0.964,0.03,0.97,0.036,1770417761868,2074.84
0.965,0.03,0.97,0.036,1770417762820,2075.04
0.965,0.03,0.97,0.035,1770417762825,2075.04
0.964,0.03,0.97,0.035,1770417762846,2075.04
0.966,0.03,0.97,0.036,1770417762848,2075.04
0.966,0.03,0.97,0.034,1770417762856,2075.04
0.964,0.03,0.97,0.034,1770417762894,2075.04
0.967,0.03,0.97,0.033,1770417762896,2075.04
0.964,0.03,0.97,0.033,1770417762920,2075.04
0.964,0.03,0.97,0.036,1770417762921,2075.04
0.968,0.03,0.97,0.036,1770417762926,2075.04
0.968,0.03,0.97,0.032,1770417762927,2075.04
0.964,0.03,0.97,0.032,1770417762981,2075.04
0.969,0.03,0.97,0.031,1770417762986,2075.04
0.964,0.03,0.97,0.031,1770417762995,2075.04
0.965,0.03,0.97,0.036,1770417762999,2075.04
0.965,0.03,0.97,0.035,1770417763005,2075.04
0.964,0.03,0.97,0.035,1770417763050,2075.04
0.964,0.03,0.97,0.036,1770417763051,2075.04
0.966,0.03,0.97,0.034,1770417763056,2075.04
0.964,0.03,0.97,0.034,1770417763072,2075.04
0.964,0.03,0.97,0.036,1770417763073,2075.04
0.967,0.03,0.97,0.036,1770417763078,2075.04
0.967,0.03,0.97,0.033,1770417763103,2075.04
0.964,0.03,0.97,0.033,1770417763123,2075.04
0.968,0.03,0.97,0.036,1770417763137,2075.04
0.968,0.03,0.97,0.032,1770417763161,2075.04
0.965,0.03,0.97,0.032,1770417763162,2075.04
0.965,0.03,0.97,0.035,1770417763171,2075.04
0.964,0.03,0.97,0.035,1770417763199,2075.04
0.966,0.03,0.97,0.036,1770417763200,2075.04
0.966,0.03,0.97,0.034,1770417763201,2075.04
0.967,0.03,0.97,0.034,1770417763240,2075.59
0.967,0.03,0.97,0.033,1770417763241,2075.59
0.964,0.03,0.97,0.033,1770417763277,2075.59
0.968,0.03,0.97,0.036,1770417763279,2075.59
0.968,0.03,0.97,0.032,1770417763284,2075.59
0.969,0.03,0.97,0.032,1770417763321,2075.59
0.969,0.03,0.97,0.031,1770417763327,2075.59
0.969,0.029,0.97,0.031,1770417776228,2074.37
0.969,0.029,0.971,0.031,1770417776229,2074.37
0.97,0.029,0.971,0.031,1770417776392,2074.37
0.97,0.029,0.971,0.03,1770417776418,2074.37
0.97,0.02,0.971,0.03,1770417776681,2074.37
0.97,0.02,0.98,0.03,1770417776704,2074.37
0.97,0.017,0.98,0.03,1770417776769,2074.37
0.97,0.017,0.983,0.03,1770417776772,2074.37
0.97,0.017,0.98,0.03,1770417776779,2074.37
0.97,0.02,0.98,0.03,1770417776794,2074.37
0.97,0.01,0.98,0.03,1770417776818,2074.37
0.97,0.01,0.99,0.03,1770417776819,2074.37
0.97,0.02,0.99,0.03,1770417776882,2074.37
0.97,0.02,0.98,0.03,1770417776887,2074.37
0.97,0.01,0.98,0.03,1770417776978,2074.37
0.97,0.01,0.99,0.03,1770417776979,2074.37
0.98,0.01,0.99,0.03,1770417776989,2074.37
0.98,0.01,0.99,0.02,1770417777007,2074.37
0.98,0.012,0.99,0.02,1770417777843,2074.37
0.98,0.012,0.988,0.02,1770417777845,2074.37
0.98,0.01,0.988,0.02,1770417778153,2074.37
0.98,0.01,0.99,0.02,1770417778174,2074.37
0.981,0.01,0.99,0.02,1770417781212,2074.36
0.981,0.01,0.99,0.019,1770417781235,2074.36
0.982,0.01,0.99,0.019,1770417782938,2074.38
0.982,0.01,0.99,0.018,1770417782939,2074.38
0.983,0.01,0.99,0.018,1770417782971,2074.38
0.983,0.01,0.99,0.017,1770417782981,2074.38
0.989,0.01,0.99,0.017,1770417782988,2074.38
0.989,0.01,0.99,0.011,1770417782990,2074.38
0.98,0.01,0.99,0.011,1770417783192,2074.38
0.98,0.01,0.99,0.02,1770417783201,2074.38
0.989,0.01,0.99,0.02,1770417783202,2074.38
0.989,0.01,0.99,0.011,1770417783209,2074.38
0.981,0.01,0.99,0.011,1770417784980,2075.65
0.981,0.01,0.99,0.019,1770417784981,2075.65
0.985,0.01,0.99,0.019,1770417811652,2075.27
0.985,0.01,0.99,0.015,1770417811860,2075.27
0.986,0.01,0.99,0.015,1770417813108,2075.71
0.986,0.01,0.99,0.014,1770417813114,2075.71
0.99,0.01,0.995,0.014,1770417823804,2077.09
0.99,0.005,0.995,0.01,1770417823805,2077.09
0.991,0.005,0.995,0.01,1770417837785,2076.64
0.991,0.005,0.995,0.009,1770417837807,2076.64
0.995,0.005,0.996,0.009,1770417841263,2076.33
0.995,0.004,0.996,0.005,1770417841268,2076.33
0.995,0.005,0.996,0.009,1770417853969,2074.37
0.991,0.005,0.995,0.009,1770417853970,2074.37
0.992,0.005,0.995,0.009,1770417854697,2074.21
0.992,0.005,0.995,0.008,1770417854869,2074.21
0.991,0.005,0.995,0.008,1770417863857,2073.92
0.991,0.005,0.995,0.009,1770417863884,2073.92
0.991,0.004,0.995,0.009,1770417870506,2070.99
0.991,0.004,0.996,0.009,1770417870526,2070.99
0.99,0.004,0.996,0.009,1770417870862,2070.99
0.99,0.004,0.996,0.01,1770417871107,2070.99
0.99,0.004,0.996,0.009,1770417881255,2071.04
0.991,0.004,0.996,0.009,1770417881288,2071.04
0.991,0.001,0.996,0.009,1770417890436,2071.05
0.991,0.001,0.999,0.009,1770417890437,2071.05
0.998,0.001,0.999,0.009,1770417890594,2071.05
0.998,0.001,0.999,0.002,1770417890595,2071.05
0.999,0.001,1.0,0.002,1770417894558,2070.97
0.999,0.0,1.0,0.001,1770417894587,2070.97
0.46,0.53,0.47,0.54,1770417922483,2070.06
0.46,0.52,0.47,0.54,1770417946026,2070.99
0.47,0.52,0.48,0.54,1770417946028,2070.99
0.47,0.52,0.48,0.53,1770417946033,2070.99
0.48,0.52,0.49,0.53,1770417947380,2071.2
0.48,0.51,0.49,0.52,1770417947381,2071.2
0.48,0.5,0.49,0.52,1770417949530,2071.2
0.49,0.5,0.5,0.52,1770417949537,2071.2
0.49,0.5,0.5,0.51,1770417949541,2071.2
0.48,0.5,0.5,0.51,1770417950784,2071.19
0.48,0.5,0.5,0.52,1770417950785,2071.19
0.49,0.5,0.5,0.52,1770417950796,2071.19
0.49,0.5,0.5,0.51,1770417950797,2071.19
0.48,0.5,0.5,0.51,1770417951398,2071.17
0.48,0.5,0.5,0.52,1770417951399,2071.17
0.48,0.51,0.5,0.52,1770417951408,2071.17
0.48,0.51,0.49,0.52,1770417951415,2071.17
0.47,0.51,0.49,0.52,1770417951603,2071.17
0.47,0.51,0.49,0.53,1770417951604,2071.17
0.47,0.52,0.49,0.53,1770417951627,2071.17
0.47,0.52,0.48,0.53,1770417951628,2071.17
0.45,0.52,0.48,0.53,1770417963359,2070.8
0.45,0.52,0.48,0.55,1770417963360,2070.8
0.45,0.53,0.48,0.55,1770417963377,2070.8
0.45,0.53,0.47,0.55,1770417963387,2070.8
0.46,0.53,0.47,0.55,1770417963446,2070.8
0.46,0.53,0.47,0.54,1770417963453,2070.8
0.45,0.53,0.47,0.54,1770417976811,2070.73
0.45,0.53,0.47,0.55,1770417976812,2070.73
0.45,0.54,0.47,0.55,1770417976815,2070.73
0.45,0.54,0.46,0.55,1770417976824,2070.73
0.44,0.54,0.46,0.55,1770417982972,2070.4
0.44,0.54,0.46,0.56,1770417982973,2070.4
0.44,0.55,0.45,0.56,1770417982976,2070.4
0.43,0.55,0.45,0.56,1770417983538,2069.91
0.43,0.56,0.44,0.57,1770417983541,2069.91
0.43,0.56,0.44,0.58,1770417985693,2069.82
0.42,0.56,0.44,0.58,1770417985694,2069.82
0.42,0.57,0.44,0.58,1770417985704,2069.82
0.42,0.57,0.43,0.58,1770417985705,2069.82
0.41,0.57,0.43,0.58,1770417986124,2069.82
0.41,0.58,0.42,0.59,1770417986127,2069.82
0.4,0.58,0.42,0.59,1770417987209,2069.26
0.4,0.58,0.42,0.6,1770417987210,2069.26
0.4,0.59,0.42,0.6,1770417987219,2069.26
0.4,0.59,0.41,0.6,1770417987222,2069.26
0.39,0.59,0.41,0.6,1770417988723,2069.26
0.39,0.59,0.41,0.61,1770417988724,2069.26
0.39,0.6,0.41,0.61,1770417988761,2069.26
0.39,0.6,0.4,0.61,1770417988762,2069.26
0.38,0.6,0.4,0.61,1770417990626,2068.97
0.38,0.6,0.4,0.62,1770417990627,2068.97
0.38,0.61,0.4,0.62,1770417990636,2068.97
0.38,0.61,0.39,0.62,1770417990638,2068.97
0.38,0.6,0.39,0.62,1770417991156,2068.97
0.38,0.6,0.4,0.62,1770417991157,2068.97
0.39,0.6,0.4,0.62,1770417991158,2068.97
0.39,0.6,0.4,0.61,1770417991159,2068.97
0.39,0.6,0.4,0.62,1770417991401,2068.98
0.38,0.6,0.4,0.62,1770417991402,2068.98
0.38,0.61,0.4,0.62,1770417991406,2068.98
0.38,0.61,0.39,0.62,1770417991407,2068.98
0.38,0.6,0.39,0.62,1770417992685,2068.98
0.38,0.6,0.4,0.62,1770417992710,2068.98
0.39,0.6,0.4,0.61,1770417992711,2068.98
0.39,0.58,0.4,0.61,1770417995114,2069.22
0.39,0.58,0.42,0.61,1770417995115,2069.22
0.4,0.58,0.42,0.61,1770417995132,2069.22
0.4,0.58,0.42,0.6,1770417995149,2069.22
0.4,0.58,0.42,0.59,1770417995161,2069.22
0.41,0.58,0.42,0.59,1770417995162,2069.22
0.41,0.58,0.42,0.61,1770417995584,2069.44
0.39,0.58,0.42,0.6,1770417995585,2069.44
0.4,0.59,0.42,0.6,1770417995594,2069.44
0.4,0.59,0.41,0.6,1770417995595,2069.44
0.4,0.59,0.41,0.61,1770417996075,2069.44
0.39,0.59,0.41,0.61,1770417996087,2069.44
0.39,0.6,0.41,0.61,1770417996088,2069.44
0.39,0.6,0.4,0.61,1770417996093,2069.44
0.38,0.6,0.4,0.61,1770417998342,2069.26
0.38,0.6,0.4,0.62,1770417998343,2069.26
0.38,0.6,0.4,0.63,1770417998344,2069.26
0.37,0.6,0.4,0.63,1770417998345,2069.26
0.37,0.61,0.4,0.63,1770417998371,2069.26
0.37,0.61,0.39,0.63,1770417998373,2069.26
0.37,0.62,0.39,0.63,1770417998379,2069.26
0.37,0.62,0.38,0.63,1770417998381,2069.26
0.37,0.62,0.38,0.64,1770417998759,2069.26
0.36,0.63,0.38,0.64,1770417998762,2069.26
0.36,0.63,0.37,0.64,1770417998765,2069.26
0.34,0.63,0.37,0.64,1770417998776,2069.26
0.34,0.63,0.37,0.66,1770417998777,2069.26
0.34,0.64,0.37,0.66,1770417998779,2069.26
0.34,0.64,0.36,0.66,1770417998784,2069.26
0.35,0.64,0.36,0.66,1770417998819,2069.26
0.35,0.64,0.36,0.65,1770417998820,2069.26
0.34,0.64,0.36,0.65,1770417998876,2069.26
0.34,0.64,0.36,0.66,1770417998877,2069.26
0.34,0.65,0.36,0.66,1770417998896,2069.26
0.34,0.65,0.35,0.66,1770417998897,2069.26
0.33,0.65,0.35,0.66,1770417999320,2067.74
0.33,0.65,0.35,0.67,1770417999321,2067.74
0.33,0.66,0.35,0.67,1770417999332,2067.74
0.33,0.66,0.34,0.67,1770417999333,2067.74
0.33,0.66,0.37,0.67,1770418000131,2067.74
0.33,0.63,0.37,0.67,1770418000132,2067.74
0.34,0.63,0.37,0.67,1770418000169,2067.74
0.34,0.63,0.37,0.66,1770418000170,2067.74
0.36,0.63,0.37,0.66,1770418000177,2067.74
0.36,0.63,0.37,0.64,1770418000178,2067.74
0.35,0.63,0.37,0.64,1770418002880,2068.56
0.35,0.64,0.37,0.65,1770418002882,2068.56
0.35,0.64,0.36,0.65,1770418002883,2068.56
0.34,0.64,0.36,0.65,1770418003654,2068.21
0.34,0.64,0.36,0.66,1770418003666,2068.21
0.34,0.65,0.36,0.66,1770418003669,2068.21
0.34,0.65,0.35,0.66,1770418003670,2068.21
0.33,0.65,0.35,0.66,1770418004360,2068.11
0.33,0.66,0.35,0.67,1770418004377,2068.11
0.33,0.66,0.34,0.67,1770418004378,2068.11
0.33,0.65,0.34,0.67,1770418005734,2067.61
0.33,0.65,0.35,0.67,1770418005736,2067.61
0.34,0.65,0.35,0.67,1770418005746,2067.61
0.34,0.65,0.35,0.66,1770418005749,2067.61
0.34,0.64,0.35,0.66,1770418006609,2067.99
0.34,0.64,0.36,0.66,1770418006611,2067.99
0.35,0.64,0.36,0.66,1770418006629,2067.99
0.35,0.64,0.36,0.65,1770418006633,2067.99
0.35,0.64,0.37,0.65,1770418009314,2068.0
0.35,0.63,0.37,0.65,1770418009315,2068.0
0.36,0.63,0.37,0.65,1770418009360,2068.0
0.36,0.63,0.37,0.64,1770418009364,2068.0
0.36,0.61,0.37,0.64,1770418010584,2068.41
0.36,0.61,0.39,0.64,1770418010591,2068.41
0.37,0.61,0.39,0.64,1770418010592,2068.41
0.37,0.61,0.39,0.63,1770418010597,2068.41
0.38,0.61,0.39,0.63,1770418010621,2068.41
0.38,0.61,0.39,0.62,1770418010622,2068.41
0.38,0.6,0.39,0.62,1770418010756,2068.41
0.38,0.6,0.4,0.62,1770418010758,2068.41
0.39,0.6,0.4,0.62,1770418010814,2068.41
0.39,0.6,0.4,0.61,1770418010815,2068.41
0.38,0.6,0.4,0.61,1770418011420,2068.92
0.38,0.6,0.4,0.62,1770418011421,2068.92
0.38,0.61,0.4,0.62,1770418011424,2068.92
0.38,0.61,0.39,0.62,1770418011425,2068.92
0.37,0.61,0.39,0.62,1770418014177,2069.01
0.37,0.61,0.39,0.63,1770418014178,2069.01
0.37,0.62,0.39,0.63,1770418014190,2069.01
0.37,0.62,0.38,0.63,1770418014191,2069.01
0.37,0.62,0.39,0.63,1770418015219,2068.89
0.37,0.61,0.39,0.63,1770418015221,2068.89
0.38,0.61,0.39,0.63,1770418015242,2068.89
0.38,0.61,0.39,0.62,1770418015243,2068.89
0.38,0.58,0.39,0.62,1770418017658,2069.28
0.38,0.58,0.42,0.62,1770418017659,2069.28
0.39,0.58,0.42,0.62,1770418017669,2069.28
0.39,0.58,0.42,0.61,1770418017674,2069.28
0.4,0.58,0.42,0.61,1770418017713,2069.28
0.4,0.58,0.42,0.6,1770418017714,2069.28
0.41,0.58,0.42,0.6,1770418017720,2069.28
0.41,0.58,0.42,0.59,1770418017721,2069.28
0.41,0.57,0.42,0.59,1770418021011,2069.73
0.42,0.57,0.43,0.59,1770418021012,2069.73
0.42,0.57,0.43,0.58,1770418021013,2069.73
0.42,0.56,0.43,0.58,1770418021566,2070.0
0.42,0.56,0.44,0.58,1770418021567,2070.0
0.43,0.56,0.44,0.58,1770418021568,2070.0
0.43,0.56,0.44,0.57,1770418021569,2070.0
0.43,0.55,0.44,0.57,1770418021587,2070.0
0.43,0.55,0.45,0.57,1770418021588,2070.0
0.44,0.55,0.45,0.57,1770418021611,2070.0
0.44,0.55,0.45,0.56,1770418021612,2070.0
0.44,0.53,0.45,0.56,1770418023444,2070.37
0.44,0.53,0.47,0.56,1770418023445,2070.37
0.45,0.53,0.47,0.56,1770418023448,2070.37
0.45,0.53,0.47,0.55,1770418023458,2070.37
0.45,0.54,0.47,0.55,1770418023466,2070.37
0.45,0.54,0.46,0.55,1770418023467,2070.37
0.45,0.53,0.46,0.55,1770418028432,2070.63
0.45,0.53,0.47,0.55,1770418028433,2070.63
0.46,0.53,0.47,0.55,1770418028445,2070.63
0.46,0.53,0.47,0.54,1770418028446,2070.63
0.46,0.5,0.47,0.54,1770418028981,2070.63
0.46,0.5,0.5,0.54,1770418028982,2070.63
0.47,0.5,0.5,0.53,1770418028984,2070.63
0.48,0.5,0.5,0.52,1770418028985,2070.63
0.49,0.5,0.5,0.52,1770418029023,2070.63
0.49,0.5,0.5,0.51,1770418029024,2070.63
0.49,0.49,0.5,0.51,1770418030783,2071.72
0.49,0.49,0.51,0.51,1770418030784,2071.72
0.5,0.49,0.51,0.51,1770418030790,2071.72
0.5,0.49,0.51,0.5,1770418030794,2071.72
0.5,0.48,0.51,0.5,1770418032452,2072.14
0.51,0.48,0.52,0.5,1770418032454,2072.14
0.51,0.48,0.52,0.49,1770418032458,2072.14
0.51,0.47,0.52,0.49,1770418032540,2072.14
0.51,0.47,0.53,0.49,1770418032544,2072.14
0.52,0.47,0.53,0.48,1770418032547,2072.14
0.52,0.46,0.53,0.48,1770418034599,2072.55
0.52,0.46,0.54,0.48,1770418034600,2072.55
0.53,0.46,0.54,0.48,1770418034608,2072.55
0.53,0.46,0.54,0.47,1770418034609,2072.55
0.54,0.46,0.55,0.47,1770418034632,2072.55
0.54,0.45,0.55,0.46,1770418034633,2072.55
0.54,0.44,0.55,0.46,1770418036666,2072.88
0.54,0.44,0.56,0.46,1770418036672,2072.88
0.55,0.44,0.56,0.46,1770418036673,2072.88
0.55,0.44,0.56,0.45,1770418036683,2072.88
0.55,0.44,0.57,0.45,1770418037191,2072.88
0.55,0.43,0.57,0.45,1770418037196,2072.88
0.56,0.43,0.57,0.45,1770418037201,2072.88
0.56,0.43,0.57,0.44,1770418037205,2072.88
0.56,0.42,0.57,0.44,1770418038870,2073.05
0.56,0.42,0.58,0.44,1770418038871,2073.05
0.57,0.42,0.58,0.44,1770418038883,2073.05
0.57,0.42,0.58,0.43,1770418038884,2073.05
0.58,0.42,0.59,0.43,1770418039587,2073.34
0.58,0.41,0.59,0.42,1770418039588,2073.34
0.58,0.4,0.59,0.42,1770418039893,2073.34
0.58,0.4,0.6,0.42,1770418039894,2073.34
0.59,0.4,0.6,0.42,1770418039901,2073.34
0.59,0.4,0.6,0.41,1770418039908,2073.34
0.6,0.4,0.61,0.41,1770418040510,2073.8
0.6,0.39,0.61,0.4,1770418040511,2073.8
0.6,0.39,0.62,0.4,1770418043124,2073.95
0.61,0.38,0.62,0.4,1770418043125,2073.95
0.61,0.38,0.62,0.39,1770418043127,2073.95
0.6,0.38,0.62,0.39,1770418043206,2073.95
0.6,0.38,0.62,0.4,1770418043209,2073.95
0.61,0.38,0.62,0.39,1770418043210,2073.95
0.61,0.37,0.62,0.39,1770418046598,2074.38
0.61,0.37,0.63,0.39,1770418046599,2074.38
0.61,0.38,0.63,0.39,1770418046610,2074.38
0.61,0.38,0.62,0.39,1770418046611,2074.38
0.61,0.37,0.62,0.39,1770418046642,2074.38
0.61,0.37,0.63,0.39,1770418046643,2074.38
0.62,0.37,0.63,0.39,1770418046648,2074.38
0.62,0.37,0.63,0.38,1770418046650,2074.38
0.61,0.37,0.63,0.38,1770418047652,2074.51
0.61,0.37,0.63,0.39,1770418047653,2074.51
0.61,0.38,0.63,0.39,1770418047799,2074.51
0.61,0.38,0.62,0.39,1770418047802,2074.51
0.61,0.37,0.62,0.39,1770418049157,2074.32
0.61,0.37,0.63,0.39,1770418049159,2074.32
0.62,0.37,0.63,0.39,1770418049166,2074.32
0.62,0.37,0.63,0.38,1770418049167,2074.32
0.62,0.36,0.63,0.38,1770418051056,2074.32
0.63,0.36,0.64,0.38,1770418051059,2074.32
0.63,0.36,0.64,0.37,1770418051061,2074.32
0.63,0.35,0.64,0.37,1770418052842,2074.51
0.64,0.35,0.65,0.37,1770418052858,2074.51
0.64,0.35,0.65,0.36,1770418052859,2074.51
0.63,0.35,0.65,0.36,1770418055954,2074.6
0.63,0.35,0.65,0.37,1770418055957,2074.6
0.63,0.36,0.65,0.37,1770418055998,2074.6
0.63,0.36,0.64,0.37,1770418055999,2074.6
0.63,0.35,0.64,0.37,1770418062857,2074.51
0.64,0.35,0.65,0.37,1770418062861,2074.51
0.64,0.35,0.65,0.36,1770418062865,2074.51
0.64,0.34,0.65,0.36,1770418069579,2074.66
0.65,0.34,0.66,0.36,1770418069580,2074.66
0.65,0.34,0.66,0.35,1770418069581,2074.66
0.65,0.33,0.66,0.35,1770418071565,2074.78
0.65,0.33,0.67,0.35,1770418071566,2074.78
0.66,0.33,0.67,0.35,1770418071569,2074.78
0.66,0.33,0.67,0.34,1770418071572,2074.78
0.66,0.32,0.67,0.34,1770418072794,2075.24
0.66,0.32,0.68,0.34,1770418072795,2075.24
0.67,0.32,0.68,0.34,1770418072797,2075.24
0.67,0.32,0.68,0.33,1770418072798,2075.24
0.67,0.32,0.69,0.33,1770418079609,2075.41
0.68,0.31,0.69,0.33,1770418079614,2075.41
0.68,0.31,0.69,0.32,1770418079632,2075.41
0.68,0.3,0.69,0.32,1770418080127,2075.41
0.68,0.3,0.7,0.32,1770418080128,2075.41
0.69,0.3,0.7,0.32,1770418080134,2075.41
0.69,0.3,0.7,0.31,1770418080137,2075.41
0.68,0.3,0.7,0.31,1770418088547,2075.74
0.68,0.3,0.7,0.32,1770418088548,2075.74
0.69,0.3,0.7,0.32,1770418088577,2075.74
0.69,0.3,0.7,0.31,1770418088578,2075.74
0.69,0.29,0.7,0.31,1770418090514,2075.91
0.69,0.29,0.71,0.31,1770418090515,2075.91
0.7,0.29,0.71,0.31,1770418090525,2075.91
0.7,0.29,0.71,0.3,1770418090526,2075.91
0.71,0.29,0.72,0.3,1770418090944,2075.91
0.71,0.28,0.72,0.29,1770418090946,2075.91
0.71,0.27,0.72,0.29,1770418092844,2076.09
0.71,0.27,0.73,0.29,1770418092845,2076.09
0.72,0.27,0.73,0.29,1770418092848,2076.09
0.72,0.27,0.73,0.28,1770418092854,2076.09
0.72,0.27,0.74,0.28,1770418098717,2076.8
0.72,0.26,0.74,0.28,1770418098718,2076.8
0.73,0.26,0.74,0.28,1770418098729,2076.8
0.73,0.26,0.74,0.27,1770418098730,2076.8
0.73,0.25,0.74,0.27,1770418099166,2076.8
0.73,0.25,0.75,0.27,1770418099167,2076.8
0.74,0.25,0.75,0.27,1770418099175,2076.8
0.74,0.25,0.75,0.26,1770418099179,2076.8
0.74,0.24,0.75,0.26,1770418099732,2077.28
0.74,0.24,0.76,0.26,1770418099733,2077.28
0.75,0.24,0.76,0.26,1770418099735,2077.28
0.75,0.24,0.76,0.25,1770418099736,2077.28
0.75,0.24,0.78,0.25,1770418100415,2077.53
0.75,0.22,0.78,0.25,1770418100416,2077.53
0.76,0.22,0.78,0.24,1770418100420,2077.53
0.77,0.22,0.78,0.24,1770418100456,2077.53
0.77,0.22,0.78,0.23,1770418100457,2077.53
0.77,0.21,0.78,0.23,1770418102073,2077.96
0.77,0.21,0.79,0.23,1770418102074,2077.96
0.78,0.21,0.79,0.23,1770418102078,2077.96
0.78,0.21,0.79,0.22,1770418102092,2077.96
0.78,0.2,0.79,0.22,1770418103537,2078.14
0.78,0.2,0.8,0.22,1770418103538,2078.14
0.79,0.2,0.8,0.22,1770418103541,2078.14
0.79,0.2,0.8,0.21,1770418103546,2078.14
0.79,0.19,0.8,0.21,1770418104480,2078.56
0.79,0.19,0.81,0.21,1770418104481,2078.56
0.8,0.19,0.81,0.21,1770418104487,2078.56
0.8,0.19,0.81,0.2,1770418104489,2078.56
0.79,0.19,0.81,0.2,1770418108715,2078.49
0.79,0.19,0.81,0.21,1770418108718,2078.49
0.79,0.2,0.81,0.21,1770418108736,2078.49
0.79,0.2,0.8,0.21,1770418108737,2078.49
0.79,0.19,0.8,0.21,1770418109278,2078.49
0.79,0.19,0.81,0.21,1770418109279,2078.49
0.8,0.19,0.81,0.21,1770418109282,2078.49
0.8,0.19,0.81,0.2,1770418109283,2078.49
0.79,0.19,0.81,0.2,1770418112293,2078.48
0.79,0.19,0.81,0.21,1770418112314,2078.48
0.79,0.2,0.81,0.21,1770418112332,2078.48
0.79,0.2,0.8,0.21,1770418112347,2078.48
0.79,0.19,0.8,0.21,1770418113722,2078.49
0.79,0.19,0.81,0.21,1770418113723,2078.49
0.8,0.19,0.81,0.21,1770418113724,2078.49
0.8,0.19,0.81,0.2,1770418113730,2078.49
0.8,0.19,0.82,0.2,1770418116702,2078.66
0.8,0.18,0.82,0.2,1770418116703,2078.66
0.81,0.18,0.82,0.2,1770418116760,2078.66
0.81,0.18,0.82,0.19,1770418116761,2078.66
0.81,0.15,0.82,0.19,1770418117141,2078.66
0.81,0.15,0.85,0.19,1770418117142,2078.66
0.81,0.1,0.85,0.19,1770418117146,2078.66
0.81,0.1,0.9,0.19,1770418117147,2078.66
0.82,0.1,0.9,0.19,1770418117148,2078.66
0.82,0.1,0.9,0.18,1770418117149,2078.66
0.84,0.1,0.9,0.18,1770418117154,2078.66
0.84,0.15,0.9,0.16,1770418117155,2078.66
0.88,0.15,0.9,0.16,1770418117161,2078.66
0.88,0.1,0.9,0.12,1770418117162,2078.66
0.88,0.11,0.9,0.12,1770418117168,2078.66
0.88,0.11,0.89,0.12,1770418117169,2078.66
0.88,0.1,0.89,0.12,1770418117420,2082.11
0.88,0.1,0.9,0.12,1770418117421,2082.11
0.89,0.1,0.9,0.12,1770418117453,2082.11
0.89,0.1,0.9,0.11,1770418117454,2082.11
0.88,0.1,0.9,0.11,1770418117702,2082.11
0.88,0.1,0.9,0.12,1770418117703,2082.11
0.88,0.11,0.9,0.12,1770418117741,2082.11
0.88,0.11,0.89,0.12,1770418117742,2082.11
0.88,0.1,0.89,0.12,1770418118798,2081.87
0.89,0.1,0.9,0.11,1770418118800,2081.87
0.89,0.11,0.9,0.12,1770418119349,2082.65
0.88,0.11,0.89,0.12,1770418119350,2082.65
0.88,0.1,0.89,0.12,1770418123052,2081.47
0.89,0.1,0.9,0.12,1770418123058,2081.47
0.89,0.1,0.9,0.11,1770418123059,2081.47
0.88,0.1,0.9,0.11,1770418123083,2081.47
0.89,0.1,0.9,0.12,1770418123084,2081.47
0.89,0.1,0.9,0.11,1770418123085,2081.47
0.88,0.1,0.9,0.11,1770418135460,2081.83
0.88,0.1,0.9,0.12,1770418135478,2081.83
0.88,0.11,0.9,0.12,1770418135482,2081.83
0.88,0.11,0.89,0.12,1770418135483,2081.83
0.88,0.11,0.89,0.13,1770418135700,2081.83
0.87,0.11,0.89,0.13,1770418135701,2081.83
0.87,0.12,0.89,0.13,1770418135703,2081.83
0.87,0.12,0.88,0.13,1770418135709,2081.83
0.86,0.12,0.88,0.13,1770418136166,2081.83
0.86,0.12,0.88,0.14,1770418136202,2081.83
0.86,0.13,0.88,0.14,1770418136225,2081.05
0.86,0.13,0.87,0.14,1770418136227,2081.05
0.86,0.13,0.87,0.15,1770418139782,2080.49
0.85,0.13,0.87,0.15,1770418139783,2080.49
0.85,0.14,0.87,0.15,1770418139821,2080.49
0.85,0.14,0.86,0.15,1770418139822,2080.49
0.84,0.14,0.86,0.15,1770418140359,2080.06
0.84,0.14,0.86,0.16,1770418140360,2080.06
0.85,0.14,0.86,0.16,1770418140370,2080.06
0.85,0.14,0.86,0.15,1770418140371,2080.06
0.84,0.14,0.86,0.15,1770418150972,2079.96
0.84,0.14,0.86,0.16,1770418150973,2079.96
0.84,0.15,0.86,0.16,1770418151001,2079.96
0.84,0.15,0.85,0.16,1770418151003,2079.96
0.83,0.15,0.85,0.16,1770418151546,2079.97
0.83,0.15,0.85,0.17,1770418151547,2079.97
0.83,0.16,0.85,0.17,1770418151576,2079.97
0.83,0.16,0.84,0.17,1770418151577,2079.97
0.82,0.16,0.84,0.17,1770418152915,2079.65
0.82,0.16,0.84,0.18,1770418152922,2079.65
0.82,0.17,0.84,0.18,1770418152952,2079.65
0.82,0.17,0.83,0.18,1770418152953,2079.65
0.82,0.18,0.83,0.19,1770418154058,2078.94
0.81,0.18,0.82,0.19,1770418154078,2078.94
0.8,0.18,0.82,0.19,1770418154478,2078.47
0.8,0.18,0.82,0.2,1770418154480,2078.47
0.8,0.19,0.82,0.2,1770418154502,2078.47
0.8,0.19,0.81,0.2,1770418154503,2078.47
0.8,0.2,0.81,0.21,1770418154916,2078.47
0.79,0.2,0.8,0.21,1770418154918,2078.47
0.78,0.2,0.8,0.21,1770418156558,2078.36
0.78,0.2,0.8,0.22,1770418156560,2078.36
0.78,0.21,0.8,0.22,1770418157068,2078.36
0.78,0.21,0.79,0.22,1770418157069,2078.36
0.76,0.21,0.79,0.22,1770418157960,2078.16
0.76,0.21,0.79,0.24,1770418157961,2078.16
0.76,0.22,0.79,0.24,1770418157962,2078.16
0.76,0.22,0.78,0.24,1770418158012,2078.16
0.76,0.23,0.78,0.24,1770418158072,2078.16
0.76,0.23,0.77,0.24,1770418158073,2078.16
0.75,0.23,0.77,0.24,1770418158608,2077.53
0.75,0.23,0.77,0.25,1770418158609,2077.53
0.75,0.23,0.76,0.25,1770418158658,2077.53
0.75,0.24,0.76,0.25,1770418158659,2077.53
0.74,0.24,0.76,0.25,1770418159500,2077.22
0.74,0.24,0.76,0.26,1770418159504,2077.22
0.74,0.24,0.75,0.26,1770418159544,2077.22
0.74,0.25,0.75,0.26,1770418159545,2077.22
0.73,0.25,0.75,0.26,1770418160210,2077.22
0.72,0.25,0.75,0.27,1770418160211,2077.22
0.72,0.25,0.75,0.28,1770418160212,2077.22
0.72,0.26,0.75,0.28,1770418160214,2077.22
0.72,0.26,0.74,0.28,1770418160215,2077.22
0.73,0.26,0.74,0.28,1770418160249,2076.71
0.73,0.26,0.74,0.27,1770418160250,2076.71
0.72,0.26,0.74,0.27,1770418160920,2076.71
0.72,0.26,0.74,0.28,1770418160924,2076.71
0.72,0.26,0.73,0.28,1770418160955,2076.71
0.72,0.27,0.73,0.28,1770418160956,2076.71
0.72,0.26,0.73,0.28,1770418160966,2076.71
0.72,0.26,0.74,0.28,1770418160967,2076.71
0.72,0.27,0.74,0.28,1770418160971,2076.71
0.72,0.27,0.73,0.28,1770418160972,2076.71
0.72,0.26,0.73,0.28,1770418161181,2076.71
0.72,0.27,0.74,0.28,1770418161182,2076.71
0.72,0.27,0.73,0.28,1770418161184,2076.71
0.72,0.26,0.73,0.28,1770418162127,2076.31
0.72,0.26,0.74,0.28,1770418162128,2076.31
0.73,0.26,0.74,0.28,1770418162132,2076.31
0.73,0.26,0.74,0.27,1770418162133,2076.31
0.72,0.26,0.74,0.27,1770418163715,2076.78
0.73,0.26,0.74,0.28,1770418163722,2076.78
0.73,0.26,0.74,0.27,1770418163724,2076.78
0.72,0.26,0.74,0.27,1770418163737,2076.78
0.72,0.26,0.74,0.28,1770418163738,2076.78
0.72,0.27,0.74,0.28,1770418163762,2076.78
0.72,0.27,0.73,0.28,1770418163763,2076.78
0.72,0.26,0.73,0.28,1770418165611,2076.34
0.72,0.26,0.74,0.28,1770418165612,2076.34
0.73,0.26,0.74,0.28,1770418165624,2076.34
0.73,0.26,0.74,0.27,1770418165625,2076.34
0.73,0.25,0.74,0.27,1770418166477,2077.13
0.73,0.25,0.75,0.27,1770418166478,2077.13
0.74,0.25,0.75,0.27,1770418166482,2077.13
0.74,0.25,0.75,0.26,1770418166483,2077.13
0.74,0.24,0.75,0.26,1770418167464,2077.28
0.74,0.24,0.76,0.26,1770418167465,2077.28
0.75,0.24,0.76,0.26,1770418167475,2077.28
0.75,0.24,0.76,0.25,1770418167476,2077.28
0.75,0.23,0.76,0.25,1770418168004,2077.28
0.75,0.23,0.77,0.25,1770418168005,2077.28
0.76,0.23,0.77,0.25,1770418168006,2077.28
0.76,0.23,0.77,0.24,1770418168014,2077.28
0.76,0.22,0.77,0.24,1770418168660,2077.55
0.76,0.22,0.78,0.24,1770418168662,2077.55
0.77,0.22,0.78,0.24,1770418168669,2077.55
0.77,0.22,0.78,0.23,1770418168671,2077.55
0.77,0.21,0.78,0.23,1770418169492,2078.06
0.77,0.21,0.79,0.23,1770418169493,2078.06
0.78,0.21,0.79,0.23,1770418169500,2078.06
0.78,0.21,0.79,0.22,1770418169514,2078.06
0.76,0.21,0.79,0.22,1770418169593,2078.06
0.76,0.21,0.79,0.24,1770418169594,2078.06
0.78,0.21,0.79,0.24,1770418169603,2078.06
0.78,0.21,0.79,0.22,1770418169606,2078.06
0.78,0.2,0.79,0.22,1770418170469,2078.61
0.78,0.2,0.8,0.22,1770418170470,2078.61
0.79,0.2,0.8,0.22,1770418170476,2078.61
0.79,0.2,0.8,0.21,1770418170477,2078.61
0.79,0.19,0.8,0.21,1770418170935,2078.61
0.79,0.19,0.81,0.21,1770418170938,2078.61
0.8,0.19,0.81,0.21,1770418170952,2078.61
0.8,0.19,0.81,0.2,1770418170971,2078.61
0.8,0.18,0.81,0.2,1770418172009,2078.62
0.8,0.18,0.82,0.2,1770418172013,2078.62
0.81,0.18,0.82,0.2,1770418172027,2078.62
0.81,0.18,0.82,0.19,1770418172028,2078.62
0.8,0.18,0.82,0.19,1770418172206,2078.62
0.8,0.18,0.82,0.2,1770418172207,2078.62
0.8,0.19,0.82,0.2,1770418172381,2079.13
0.8,0.19,0.81,0.2,1770418172383,2079.13
0.79,0.19,0.81,0.2,1770418172845,2079.13
0.79,0.19,0.81,0.21,1770418172846,2079.13
0.79,0.2,0.81,0.21,1770418172850,2079.13
0.79,0.2,0.8,0.21,1770418172853,2079.13
0.78,0.2,0.8,0.21,1770418174004,2078.52
0.78,0.2,0.8,0.22,1770418174008,2078.52
0.78,0.21,0.8,0.22,1770418174023,2078.52
0.78,0.21,0.79,0.22,1770418174026,2078.52
0.78,0.2,0.79,0.22,1770418174049,2078.52
0.78,0.2,0.8,0.22,1770418174050,2078.52
0.78,0.2,0.79,0.22,1770418174055,2078.52
0.78,0.21,0.79,0.22,1770418174056,2078.52
0.78,0.21,0.8,0.22,1770418174069,2078.52
0.78,0.2,0.8,0.22,1770418174070,2078.52
0.78,0.21,0.8,0.22,1770418174101,2078.52
0.78,0.21,0.79,0.22,1770418174105,2078.52
0.78,0.21,0.79,0.23,1770418187119,2077.51
0.77,0.21,0.79,0.23,1770418187120,2077.51
0.77,0.22,0.79,0.23,1770418187126,2077.51
0.77,0.22,0.78,0.23,1770418187133,2077.51
0.76,0.22,0.78,0.23,1770418187665,2077.33
0.76,0.22,0.78,0.24,1770418187666,2077.33
0.76,0.23,0.78,0.24,1770418187691,2077.33
0.76,0.23,0.77,0.24,1770418187692,2077.33
0.75,0.23,0.77,0.24,1770418191635,2076.81
0.75,0.23,0.77,0.25,1770418191639,2076.81
0.75,0.24,0.77,0.25,1770418191730,2076.81
0.75,0.24,0.76,0.25,1770418191731,2076.81
0.75,0.23,0.76,0.25,1770418193982,2077.06
0.75,0.23,0.77,0.25,1770418193983,2077.06
0.75,0.24,0.77,0.25,1770418193986,2077.06
0.75,0.24,0.76,0.25,1770418193997,2077.06
0.75,0.22,0.76,0.25,1770418194050,2077.06
0.75,0.22,0.78,0.25,1770418194051,2077.06
0.76,0.22,0.78,0.25,1770418194073,2077.06
0.76,0.22,0.78,0.24,1770418194076,2077.06
0.77,0.22,0.78,0.24,1770418194100,2077.06
0.77,0.22,0.78,0.23,1770418194101,2077.06
0.77,0.21,0.78,0.23,1770418200261,2077.52
0.77,0.21,0.79,0.23,1770418200272,2077.52
0.78,0.21,0.79,0.23,1770418200287,2077.52
0.78,0.21,0.79,0.22,1770418200288,2077.52
0.79,0.21,0.8,0.22,1770418202077,2077.63
0.79,0.2,0.8,0.21,1770418202098,2077.63
0.79,0.19,0.8,0.21,1770418204854,2078.17
0.79,0.19,0.81,0.21,1770418204870,2078.17
0.8,0.19,0.81,0.21,1770418204904,2078.17
0.8,0.19,0.81,0.2,1770418204905,2078.17
0.8,0.19,0.81,0.21,1770418211222,2078.37
0.79,0.19,0.81,0.21,1770418211223,2078.37
0.79,0.19,0.8,0.21,1770418211228,2078.37
0.79,0.2,0.8,0.21,1770418211229,2078.37
0.79,0.2,0.81,0.21,1770418212761,2078.17
0.79,0.19,0.81,0.21,1770418212784,2078.17
0.79,0.19,0.81,0.2,1770418212816,2078.17
0.8,0.19,0.81,0.2,1770418212820,2078.17
0.79,0.19,0.81,0.2,1770418216130,2078.31
0.79,0.19,0.81,0.21,1770418216154,2078.31
0.79,0.19,0.8,0.21,1770418216164,2078.31
0.79,0.2,0.8,0.21,1770418216171,2078.31
0.79,0.19,0.8,0.21,1770418216854,2078.0
0.79,0.19,0.81,0.21,1770418216855,2078.0
0.8,0.19,0.81,0.21,1770418216867,2078.0
0.8,0.19,0.81,0.2,1770418216868,2078.0
0.81,0.19,0.82,0.2,1770418225640,2078.67
0.81,0.18,0.82,0.19,1770418225644,2078.67
0.81,0.18,0.82,0.2,1770418232119,2078.3
0.8,0.18,0.82,0.2,1770418232120,2078.3
0.8,0.19,0.82,0.2,1770418232150,2078.3
0.8,0.19,0.81,0.2,1770418232151,2078.3
0.79,0.19,0.81,0.2,1770418233823,2077.84
0.79,0.19,0.81,0.21,1770418233824,2077.84
0.79,0.19,0.81,0.2,1770418233844,2077.84
0.8,0.19,0.81,0.2,1770418233845,2077.84
0.79,0.19,0.81,0.2,1770418236584,2077.73
0.79,0.19,0.81,0.21,1770418236586,2077.73
0.79,0.2,0.81,0.21,1770418236610,2077.73
0.79,0.2,0.8,0.21,1770418236611,2077.73
0.78,0.2,0.8,0.21,1770418238863,2077.11
0.78,0.2,0.8,0.22,1770418238864,2077.11
0.78,0.21,0.8,0.22,1770418238865,2077.11
0.78,0.21,0.79,0.22,1770418238866,2077.11
0.76,0.21,0.79,0.22,1770418240540,2076.79
0.76,0.21,0.79,0.24,1770418240541,2076.79
0.76,0.22,0.79,0.24,1770418240564,2076.79
0.76,0.22,0.78,0.24,1770418240565,2076.79
0.76,0.23,0.78,0.24,1770418240583,2076.79
0.76,0.23,0.77,0.24,1770418240588,2076.79
0.75,0.23,0.77,0.24,1770418243261,2076.64
0.75,0.23,0.77,0.25,1770418243262,2076.64
0.75,0.24,0.77,0.25,1770418243300,2076.64
0.75,0.24,0.76,0.25,1770418243301,2076.64
0.75,0.23,0.76,0.25,1770418246332,2076.41
0.75,0.23,0.77,0.25,1770418246337,2076.41
0.76,0.23,0.77,0.24,1770418246338,2076.41
0.76,0.22,0.77,0.24,1770418246556,2076.41
0.76,0.22,0.78,0.24,1770418246557,2076.41
0.76,0.22,0.78,0.23,1770418246633,2076.41
0.77,0.22,0.78,0.23,1770418246634,2076.41
0.76,0.22,0.78,0.23,1770418248598,2076.64
0.76,0.22,0.78,0.24,1770418248599,2076.64
0.76,0.23,0.78,0.24,1770418248601,2076.64
0.76,0.23,0.77,0.24,1770418248605,2076.64
0.77,0.23,0.78,0.24,1770418249297,2076.64
0.77,0.22,0.78,0.23,1770418249298,2076.64
0.78,0.22,0.79,0.23,1770418252544,2077.16
0.78,0.21,0.79,0.22,1770418252545,2077.16
0.79,0.21,0.8,0.22,1770418253700,2077.34
0.79,0.2,0.8,0.21,1770418253704,2077.34
0.78,0.2,0.8,0.21,1770418255654,2077.52
0.78,0.2,0.8,0.22,1770418255655,2077.52
0.78,0.2,0.8,0.21,1770418255736,2077.52
0.79,0.2,0.8,0.21,1770418255737,2077.52
0.79,0.19,0.8,0.21,1770418256906,2077.54
0.79,0.19,0.81,0.21,1770418256907,2077.54
0.8,0.19,0.81,0.21,1770418256931,2077.54
0.8,0.19,0.81,0.2,1770418256933,2077.54
0.8,0.18,0.81,0.2,1770418258258,2077.7
0.8,0.18,0.82,0.2,1770418258259,2077.7
0.81,0.18,0.82,0.2,1770418258322,2077.74
0.81,0.18,0.82,0.19,1770418258323,2077.74
0.81,0.17,0.82,0.19,1770418260321,2078.18
0.81,0.17,0.83,0.19,1770418260337,2078.18
0.82,0.17,0.83,0.19,1770418260347,2078.18
0.82,0.17,0.83,0.18,1770418260348,2078.18
0.82,0.16,0.83,0.18,1770418263364,2078.19
0.82,0.16,0.84,0.18,1770418263367,2078.19
0.83,0.16,0.84,0.18,1770418263387,2078.19
0.83,0.16,0.84,0.17,1770418263388,2078.19
0.83,0.15,0.84,0.17,1770418265156,2078.74
0.83,0.15,0.85,0.17,1770418265157,2078.74
0.84,0.15,0.85,0.17,1770418265183,2078.74
0.84,0.15,0.85,0.16,1770418265184,2078.74
0.84,0.14,0.85,0.16,1770418266713,2078.77
0.84,0.14,0.86,0.16,1770418266714,2078.77
0.85,0.14,0.86,0.16,1770418266738,2078.77
0.85,0.14,0.86,0.15,1770418266739,2078.77
0.85,0.13,0.86,0.15,1770418268968,2079.38
0.85,0.13,0.87,0.15,1770418268969,2079.38
0.86,0.13,0.87,0.15,1770418268992,2079.38
0.86,0.13,0.87,0.14,1770418268993,2079.38
0.86,0.12,0.87,0.14,1770418272812,2080.0
0.87,0.12,0.88,0.14,1770418272830,2080.0
0.87,0.12,0.88,0.13,1770418272831,2080.0
0.87,0.11,0.88,0.13,1770418274348,2080.66
0.87,0.11,0.89,0.13,1770418274349,2080.66
0.88,0.11,0.89,0.13,1770418274385,2080.66
0.88,0.11,0.89,0.12,1770418274386,2080.66
0.87,0.11,0.89,0.12,1770418277610,2079.77
0.87,0.11,0.89,0.13,1770418277611,2079.77
0.87,0.12,0.89,0.13,1770418277637,2079.77
0.87,0.12,0.88,0.13,1770418277638,2079.77
0.87,0.12,0.88,0.15,1770418286297,2078.89
0.85,0.13,0.88,0.15,1770418286298,2078.89
0.85,0.13,0.87,0.15,1770418286299,2078.89
0.85,0.14,0.87,0.15,1770418286315,2078.89
0.85,0.14,0.86,0.15,1770418286318,2078.89
0.84,0.14,0.86,0.15,1770418289954,2078.74
0.84,0.14,0.86,0.16,1770418289955,2078.74
0.84,0.15,0.86,0.16,1770418289962,2078.74
0.84,0.15,0.85,0.16,1770418289967,2078.74
0.83,0.15,0.85,0.16,1770418290139,2078.74
0.83,0.15,0.85,0.17,1770418290140,2078.74
0.83,0.16,0.85,0.17,1770418290167,2078.74
0.83,0.16,0.84,0.17,1770418290171,2078.74
0.83,0.16,0.84,0.18,1770418290713,2078.42
0.82,0.16,0.84,0.18,1770418290714,2078.42
0.82,0.17,0.84,0.18,1770418290720,2078.42
0.82,0.17,0.83,0.18,1770418290721,2078.42
0.81,0.17,0.83,0.18,1770418290791,2078.42
0.81,0.17,0.83,0.19,1770418290793,2078.42
0.81,0.18,0.83,0.19,1770418290820,2078.42
0.81,0.18,0.82,0.19,1770418290821,2078.42
0.8,0.18,0.82,0.19,1770418291278,2077.51
0.79,0.18,0.82,0.2,1770418291290,2077.51
0.79,0.18,0.82,0.21,1770418291291,2077.51
0.79,0.18,0.82,0.2,1770418291294,2077.51
0.8,0.18,0.82,0.2,1770418291295,2077.51
0.8,0.19,0.82,0.2,1770418291309,2077.51
0.8,0.19,0.81,0.2,1770418291310,2077.51
0.8,0.19,0.81,0.21,1770418291326,2077.51
0.79,0.19,0.81,0.21,1770418291327,2077.51
0.8,0.19,0.81,0.21,1770418291333,2077.51
0.8,0.19,0.81,0.2,1770418291334,2077.51
0.79,0.19,0.81,0.2,1770418291385,2077.51
0.79,0.19,0.81,0.21,1770418291386,2077.51
0.79,0.2,0.81,0.21,1770418291411,2077.51
0.79,0.2,0.8,0.21,1770418291414,2077.51
0.78,0.2,0.8,0.21,1770418298416,2077.16
0.78,0.2,0.8,0.22,1770418298424,2077.16
0.78,0.21,0.8,0.22,1770418298462,2077.16
0.78,0.21,0.79,0.22,1770418298463,2077.16
0.77,0.21,0.79,0.22,1770418298931,2077.16
0.77,0.21,0.79,0.23,1770418298932,2077.16
0.78,0.21,0.79,0.23,1770418299086,2077.16
0.78,0.21,0.79,0.22,1770418299087,2077.16
0.77,0.21,0.79,0.22,1770418300257,2076.78
0.77,0.21,0.79,0.23,1770418300258,2076.78
0.78,0.21,0.79,0.23,1770418300293,2076.78
0.78,0.21,0.79,0.22,1770418300294,2076.78
0.77,0.21,0.79,0.22,1770418300465,2076.78
0.77,0.21,0.79,0.23,1770418300476,2076.78
0.78,0.21,0.79,0.23,1770418300505,2076.78
0.78,0.21,0.79,0.22,1770418300508,2076.78
0.77,0.21,0.79,0.22,1770418300582,2076.78
0.77,0.22,0.79,0.23,1770418300584,2076.78
0.77,0.22,0.78,0.23,1770418300585,2076.78
0.77,0.21,0.78,0.23,1770418303157,2076.68
0.77,0.21,0.79,0.23,1770418303158,2076.68
0.77,0.21,0.79,0.22,1770418303160,2076.68
0.78,0.21,0.79,0.22,1770418303161,2076.68
0.78,0.2,0.79,0.22,1770418305075,2076.67
0.78,0.2,0.8,0.22,1770418305076,2076.67
0.79,0.2,0.8,0.22,1770418305113,2076.67
0.79,0.2,0.8,0.21,1770418305114,2076.67
0.8,0.2,0.81,0.21,1770418313303,2077.12
0.8,0.19,0.81,0.2,1770418313304,2077.12
0.8,0.18,0.81,0.2,1770418314374,2077.23
0.81,0.18,0.82,0.2,1770418314386,2077.23
0.81,0.18,0.82,0.19,1770418314387,2077.23
0.81,0.17,0.82,0.19,1770418316014,2077.3
0.81,0.17,0.83,0.19,1770418316015,2077.3
0.81,0.17,0.83,0.18,1770418316063,2077.3
0.82,0.17,0.83,0.18,1770418316065,2077.3
0.82,0.17,0.83,0.19,1770418317674,2077.41
0.81,0.17,0.83,0.19,1770418317675,2077.41
0.81,0.17,0.83,0.18,1770418317751,2077.41
0.82,0.17,0.83,0.18,1770418317752,2077.41
0.82,0.17,0.83,0.19,1770418317778,2077.41
0.81,0.17,0.83,0.19,1770418317782,2077.41
0.82,0.17,0.83,0.19,1770418317800,2077.41
0.82,0.17,0.83,0.18,1770418317801,2077.41
0.82,0.17,0.83,0.19,1770418317910,2077.41
0.81,0.17,0.83,0.19,1770418317922,2077.41
0.81,0.18,0.83,0.19,1770418318502,2077.4
0.81,0.18,0.82,0.19,1770418318511,2077.4
0.81,0.17,0.82,0.19,1770418322318,2077.35
0.81,0.17,0.83,0.19,1770418322354,2077.35
0.81,0.18,0.83,0.19,1770418322666,2077.35
0.81,0.18,0.82,0.19,1770418322667,2077.35
0.81,0.17,0.82,0.19,1770418322754,2077.35
0.81,0.17,0.83,0.19,1770418322755,2077.35
0.81,0.18,0.83,0.19,1770418323312,2077.35
0.81,0.18,0.82,0.19,1770418323313,2077.35
0.8,0.18,0.82,0.19,1770418323459,2077.35
0.8,0.18,0.82,0.2,1770418323460,2077.35
0.8,0.19,0.82,0.2,1770418323465,2077.35
0.8,0.19,0.81,0.2,1770418323466,2077.35
0.78,0.19,0.81,0.2,1770418324977,2076.58
0.78,0.19,0.81,0.22,1770418324978,2076.58
0.78,0.2,0.81,0.22,1770418325009,2076.58
0.78,0.2,0.8,0.22,1770418325011,2076.58
0.78,0.2,0.8,0.21,1770418325799,2076.37
0.79,0.2,0.8,0.21,1770418325806,2076.37
0.8,0.2,0.82,0.21,1770418335699,2076.6
0.8,0.18,0.82,0.2,1770418335700,2076.6
0.81,0.18,0.82,0.2,1770418335747,2076.6
0.81,0.18,0.82,0.19,1770418335748,2076.6
0.8,0.18,0.82,0.19,1770418335775,2076.6
0.81,0.18,0.82,0.19,1770418335786,2076.6
0.81,0.17,0.82,0.19,1770418341272,2076.92
0.81,0.17,0.83,0.19,1770418341283,2076.92
0.82,0.17,0.83,0.19,1770418341311,2076.92
0.82,0.17,0.83,0.18,1770418341312,2076.92
0.81,0.17,0.83,0.18,1770418342997,2076.92
0.81,0.17,0.83,0.19,1770418343015,2076.92
0.81,0.18,0.83,0.19,1770418343026,2076.92
0.81,0.18,0.82,0.19,1770418343032,2076.92
0.8,0.18,0.82,0.19,1770418343531,2076.75
0.8,0.18,0.82,0.2,1770418343532,2076.75
0.8,0.19,0.82,0.2,1770418343588,2076.75
0.8,0.19,0.81,0.2,1770418343591,2076.75
0.79,0.19,0.81,0.2,1770418344128,2076.75
0.79,0.19,0.81,0.21,1770418344129,2076.75
0.79,0.2,0.81,0.21,1770418344158,2076.75
0.79,0.2,0.8,0.21,1770418344159,2076.75
0.79,0.19,0.8,0.21,1770418345211,2076.17
0.79,0.19,0.81,0.21,1770418345213,2076.17
0.8,0.19,0.81,0.21,1770418345238,2076.59
0.8,0.19,0.81,0.2,1770418345239,2076.59
0.8,0.19,0.82,0.2,1770418350158,2076.65
0.8,0.18,0.82,0.2,1770418350159,2076.65
0.81,0.18,0.82,0.2,1770418350194,2076.65
0.81,0.18,0.82,0.19,1770418350195,2076.65
0.81,0.18,0.83,0.19,1770418350447,2076.67
0.81,0.17,0.83,0.19,1770418350456,2076.67
0.81,0.17,0.83,0.18,1770418350498,2076.67
0.82,0.17,0.83,0.18,1770418350505,2076.67
0.82,0.16,0.83,0.18,1770418353021,2077.03
0.82,0.16,0.84,0.18,1770418353022,2077.03
0.82,0.16,0.83,0.18,1770418353107,2077.03
0.82,0.17,0.83,0.18,1770418353108,2077.03
0.82,0.16,0.83,0.18,1770418355443,2077.03
0.82,0.16,0.84,0.18,1770418355444,2077.03
0.83,0.16,0.84,0.18,1770418355469,2077.03
0.83,0.16,0.84,0.17,1770418355470,2077.03
0.83,0.15,0.84,0.17,1770418356412,2077.18
0.83,0.15,0.85,0.17,1770418356413,2077.18
0.84,0.15,0.85,0.17,1770418356467,2077.18
0.84,0.15,0.85,0.16,1770418356468,2077.18
0.84,0.14,0.85,0.16,1770418358244,2077.43
0.84,0.14,0.86,0.16,1770418358246,2077.43
0.85,0.14,0.86,0.16,1770418358284,2077.43
0.85,0.14,0.86,0.15,1770418358290,2077.43
0.84,0.14,0.86,0.15,1770418359120,2077.43
0.84,0.14,0.86,0.16,1770418359121,2077.43
0.84,0.15,0.86,0.16,1770418359133,2077.43
0.84,0.15,0.85,0.16,1770418359134,2077.43
0.83,0.15,0.85,0.16,1770418359767,2076.93
0.83,0.15,0.85,0.17,1770418359769,2076.93
0.83,0.16,0.85,0.17,1770418359775,2076.93
0.83,0.16,0.84,0.17,1770418359789,2076.93
0.82,0.16,0.84,0.17,1770418360098,2076.93
0.82,0.16,0.84,0.18,1770418360099,2076.93
0.82,0.17,0.84,0.18,1770418360138,2076.93
0.82,0.17,0.83,0.18,1770418360140,2076.93
0.82,0.16,0.83,0.18,1770418360873,2076.93
0.82,0.16,0.84,0.18,1770418360882,2076.93
0.82,0.16,0.83,0.18,1770418360904,2076.93
0.82,0.17,0.83,0.18,1770418360905,2076.93
0.82,0.17,0.84,0.18,1770418361020,2076.93
0.82,0.16,0.84,0.18,1770418361022,2076.93
0.82,0.17,0.84,0.18,1770418361050,2076.93
0.82,0.17,0.83,0.18,1770418361051,2076.93
0.82,0.16,0.83,0.18,1770418361079,2076.93
0.82,0.16,0.84,0.18,1770418361080,2076.93
0.83,0.16,0.84,0.18,1770418361184,2076.93
0.83,0.16,0.84,0.17,1770418361185,2076.93
0.82,0.16,0.84,0.17,1770418361271,2077.0
0.82,0.16,0.84,0.18,1770418361278,2077.0
0.82,0.17,0.84,0.18,1770418361756,2077.0
0.82,0.17,0.83,0.18,1770418361780,2077.0
0.82,0.16,0.83,0.18,1770418363514,2077.0
0.82,0.16,0.84,0.18,1770418363515,2077.0
0.83,0.16,0.84,0.18,1770418363541,2077.0
0.83,0.16,0.84,0.17,1770418363546,2077.0
0.82,0.16,0.84,0.17,1770418365218,2077.23
0.82,0.16,0.84,0.18,1770418365220,2077.23
0.82,0.17,0.84,0.18,1770418365274,2077.0
0.82,0.17,0.83,0.18,1770418365275,2077.0
0.82,0.16,0.83,0.18,1770418367337,2077.01
0.82,0.16,0.84,0.18,1770418367338,2077.01
0.82,0.16,0.84,0.17,1770418367368,2077.01
0.83,0.16,0.84,0.17,1770418367369,2077.01
0.83,0.15,0.84,0.17,1770418374279,2077.17
0.83,0.15,0.85,0.17,1770418374301,2077.17
0.83,0.16,0.85,0.17,1770418374449,2077.17
0.83,0.16,0.84,0.17,1770418374453,2077.17
0.83,0.15,0.84,0.17,1770418378638,2077.17
0.83,0.15,0.85,0.17,1770418378661,2077.17
0.84,0.15,0.85,0.17,1770418378779,2077.17
0.84,0.15,0.85,0.16,1770418378781,2077.17
0.83,0.15,0.85,0.16,1770418383082,2077.17
0.83,0.15,0.85,0.17,1770418383083,2077.17
0.83,0.16,0.85,0.17,1770418383085,2077.17
0.83,0.16,0.84,0.17,1770418383086,2077.17
0.83,0.16,0.84,0.18,1770418387624,2076.85
0.82,0.16,0.84,0.18,1770418387627,2076.85
0.82,0.16,0.83,0.18,1770418387672,2076.85
0.82,0.17,0.83,0.18,1770418387673,2076.85
0.79,0.17,0.83,0.18,1770418390310,2075.7
0.78,0.17,0.83,0.21,1770418390372,2075.7
0.78,0.17,0.83,0.22,1770418390373,2075.7
0.78,0.18,0.83,0.22,1770418390379,2075.7
0.78,0.18,0.82,0.22,1770418390380,2075.7
0.78,0.18,0.8,0.22,1770418390390,2075.7
0.78,0.2,0.8,0.22,1770418390391,2075.7
0.78,0.2,0.79,0.22,1770418390406,2075.7
0.78,0.21,0.79,0.22,1770418390407,2075.7
0.78,0.2,0.79,0.22,1770418392146,2075.64
0.78,0.2,0.8,0.22,1770418392147,2075.64
0.79,0.2,0.8,0.22,1770418392158,2075.64
0.79,0.2,0.8,0.21,1770418392159,2075.64
0.79,0.18,0.8,0.21,1770418393376,2075.73
0.79,0.18,0.82,0.21,1770418393377,2075.73
0.8,0.18,0.82,0.21,1770418393385,2075.73
0.8,0.18,0.82,0.2,1770418393395,2075.73
0.8,0.18,0.82,0.19,1770418393424,2075.73
0.81,0.18,0.82,0.19,1770418393425,2075.73
0.81,0.17,0.82,0.19,1770418393567,2075.73
0.81,0.17,0.83,0.19,1770418393568,2075.73
0.82,0.17,0.83,0.19,1770418393578,2075.73
0.82,0.17,0.83,0.18,1770418393579,2075.73
0.82,0.16,0.83,0.18,1770418394025,2075.73
0.82,0.16,0.84,0.18,1770418394026,2075.73
0.83,0.16,0.84,0.18,1770418394034,2075.73
0.83,0.16,0.84,0.17,1770418394038,2075.73
0.83,0.15,0.84,0.17,1770418399856,2076.44
0.84,0.15,0.85,0.17,1770418399857,2076.44
0.84,0.15,0.85,0.16,1770418399858,2076.44
0.85,0.15,0.86,0.16,1770418400857,2076.74
0.85,0.14,0.86,0.15,1770418400858,2076.74
0.84,0.14,0.86,0.15,1770418404454,2077.03
0.84,0.14,0.86,0.16,1770418404459,2077.03
0.84,0.14,0.86,0.15,1770418404538,2077.03
0.85,0.14,0.86,0.15,1770418404554,2077.03
0.85,0.13,0.86,0.15,1770418405872,2076.94
0.85,0.13,0.87,0.15,1770418405873,2076.94
0.86,0.13,0.87,0.15,1770418405876,2076.94
0.86,0.13,0.87,0.14,1770418405883,2076.94
0.86,0.12,0.87,0.14,1770418405909,2076.94
0.86,0.12,0.88,0.14,1770418405910,2076.94
0.87,0.12,0.88,0.14,1770418405913,2076.94
0.87,0.12,0.88,0.13,1770418405914,2076.94
0.87,0.11,0.88,0.13,1770418405922,2076.94
0.87,0.11,0.89,0.13,1770418405924,2076.94
0.87,0.11,0.89,0.12,1770418405983,2076.94
0.88,0.11,0.89,0.12,1770418405984,2076.94
0.88,0.11,0.89,0.13,1770418408189,2077.9
0.87,0.11,0.89,0.13,1770418408192,2077.9
0.87,0.12,0.89,0.13,1770418408214,2077.9
0.87,0.12,0.88,0.13,1770418408219,2077.9
0.86,0.12,0.88,0.13,1770418410383,2077.3
0.86,0.12,0.88,0.14,1770418410384,2077.3
0.86,0.12,0.87,0.14,1770418410413,2077.3
0.86,0.13,0.87,0.14,1770418410415,2077.3
0.84,0.13,0.87,0.14,1770418411451,2076.57
0.84,0.13,0.87,0.16,1770418411453,2076.57
0.84,0.14,0.87,0.16,1770418411454,2076.57
0.84,0.14,0.86,0.16,1770418411457,2076.57
0.84,0.15,0.86,0.16,1770418411483,2076.57
0.84,0.15,0.85,0.16,1770418411484,2076.57
0.84,0.15,0.85,0.18,1770418411940,2076.57
0.82,0.15,0.85,0.18,1770418411941,2076.57
0.82,0.16,0.85,0.18,1770418411944,2076.57
0.82,0.16,0.84,0.18,1770418411945,2076.57
0.82,0.17,0.84,0.18,1770418411988,2076.57
0.82,0.17,0.83,0.18,1770418411989,2076.57
0.81,0.17,0.83,0.18,1770418412238,2076.57
0.81,0.17,0.83,0.19,1770418412265,2076.57
0.81,0.18,0.83,0.19,1770418412289,2076.57
0.81,0.18,0.82,0.19,1770418412290,2076.57
0.81,0.17,0.82,0.19,1770418412389,2076.19
0.81,0.17,0.83,0.19,1770418412390,2076.19
0.81,0.17,0.82,0.19,1770418412391,2076.19
0.81,0.18,0.82,0.19,1770418412392,2076.19
0.81,0.17,0.82,0.19,1770418412992,2076.19
0.82,0.17,0.83,0.19,1770418412995,2076.19
0.82,0.17,0.83,0.18,1770418413006,2076.19
0.81,0.17,0.83,0.18,1770418419492,2075.71
0.81,0.17,0.83,0.19,1770418419504,2075.71
0.81,0.18,0.83,0.19,1770418419507,2075.71
0.81,0.18,0.82,0.19,1770418419508,2075.71
0.8,0.18,0.82,0.19,1770418420106,2075.71
0.8,0.18,0.82,0.2,1770418420107,2075.71
0.81,0.18,0.82,0.2,1770418420109,2075.71
0.81,0.18,0.82,0.19,1770418420110,2075.71
0.8,0.18,0.82,0.19,1770418420406,2075.71
0.8,0.18,0.82,0.2,1770418420414,2075.71
0.8,0.19,0.82,0.2,1770418420433,2075.71
0.8,0.19,0.81,0.2,1770418420434,2075.71
0.8,0.18,0.81,0.2,1770418421329,2075.71
0.81,0.18,0.82,0.2,1770418421334,2075.71
0.81,0.18,0.82,0.19,1770418421335,2075.71
0.81,0.17,0.82,0.19,1770418421570,2075.71
0.81,0.17,0.83,0.19,1770418421571,2075.71
0.82,0.17,0.83,0.19,1770418421576,2075.71
0.82,0.17,0.83,0.18,1770418421577,2075.71
0.82,0.16,0.83,0.18,1770418422466,2076.51
0.82,0.16,0.84,0.18,1770418422473,2076.51
0.83,0.16,0.84,0.18,1770418422521,2076.51
0.83,0.16,0.84,0.17,1770418422522,2076.51
0.83,0.15,0.84,0.17,1770418422608,2076.51
0.83,0.15,0.85,0.17,1770418422609,2076.51
0.84,0.15,0.85,0.17,1770418422610,2076.51
0.84,0.15,0.85,0.16,1770418422611,2076.51
0.84,0.13,0.85,0.16,1770418422612,2076.51
0.84,0.13,0.87,0.16,1770418422625,2076.51
0.85,0.13,0.87,0.16,1770418422627,2076.51
0.85,0.13,0.87,0.15,1770418422629,2076.51
0.86,0.13,0.87,0.15,1770418422639,2076.51
0.86,0.13,0.87,0.14,1770418422640,2076.51
0.86,0.12,0.87,0.14,1770418422785,2076.51
0.86,0.12,0.88,0.14,1770418422786,2076.51
0.87,0.12,0.88,0.14,1770418422787,2076.51
0.87,0.12,0.88,0.13,1770418422788,2076.51
0.87,0.11,0.88,0.13,1770418423010,2076.51
0.87,0.11,0.89,0.13,1770418423011,2076.51
0.88,0.11,0.89,0.13,1770418423017,2076.51
0.88,0.11,0.89,0.12,1770418423018,2076.51
0.88,0.1,0.89,0.12,1770418426498,2077.8
0.88,0.1,0.9,0.12,1770418426506,2077.8
0.89,0.1,0.9,0.12,1770418426509,2077.8
0.89,0.1,0.9,0.11,1770418426513,2077.8
0.89,0.09,0.9,0.11,1770418429027,2077.96
0.9,0.09,0.91,0.11,1770418429035,2077.96
0.9,0.09,0.91,0.1,1770418429053,2077.96
0.9,0.09,0.92,0.1,1770418429328,2078.17
0.9,0.08,0.92,0.1,1770418429329,2078.17
0.91,0.08,0.92,0.1,1770418429339,2078.17
0.91,0.08,0.92,0.09,1770418429342,2078.17
0.89,0.08,0.92,0.09,1770418437040,2078.47
0.89,0.08,0.92,0.11,1770418437041,2078.47
0.89,0.09,0.92,0.11,1770418437106,2078.47
0.89,0.09,0.91,0.11,1770418437107,2078.47
0.89,0.1,0.91,0.11,1770418437553,2078.23
0.89,0.1,0.9,0.11,1770418437556,2078.23
0.88,0.1,0.9,0.11,1770418437721,2078.23
0.88,0.1,0.9,0.12,1770418437722,2078.23
0.89,0.1,0.9,0.12,1770418437740,2078.23
0.89,0.1,0.9,0.11,1770418437741,2078.23
0.89,0.1,0.9,0.12,1770418448374,2077.6
0.88,0.1,0.9,0.12,1770418448375,2077.6
0.88,0.1,0.89,0.12,1770418448404,2077.6
0.88,0.11,0.89,0.12,1770418448405,2077.6
0.88,0.1,0.89,0.12,1770418454372,2077.18
0.88,0.1,0.9,0.12,1770418454374,2077.18
0.89,0.1,0.9,0.12,1770418454381,2077.18
0.89,0.1,0.9,0.11,1770418454382,2077.18
0.89,0.09,0.9,0.11,1770418458922,2077.38
0.89,0.09,0.91,0.11,1770418458923,2077.38
0.9,0.09,0.91,0.11,1770418458928,2077.38
0.9,0.09,0.91,0.1,1770418458929,2077.38
0.9,0.08,0.91,0.1,1770418461020,2077.74
0.91,0.08,0.92,0.1,1770418461028,2077.74
0.91,0.08,0.92,0.09,1770418461029,2077.74
0.91,0.07,0.92,0.09,1770418462848,2077.75
0.91,0.07,0.93,0.09,1770418462849,2077.75
0.92,0.07,0.93,0.09,1770418462865,2077.75
0.92,0.07,0.93,0.08,1770418462866,2077.75
0.91,0.07,0.93,0.08,1770418465232,2077.98
0.91,0.07,0.93,0.09,1770418465233,2077.98
0.91,0.08,0.93,0.09,1770418465246,2077.98
0.91,0.08,0.92,0.09,1770418465247,2077.98
0.91,0.08,0.92,0.11,1770418466095,2077.58
0.89,0.08,0.92,0.11,1770418466096,2077.58
0.89,0.09,0.92,0.11,1770418466122,2077.58
0.89,0.09,0.91,0.11,1770418466123,2077.58
0.89,0.1,0.91,0.11,1770418466141,2077.58
0.89,0.1,0.9,0.11,1770418466142,2077.58
0.88,0.1,0.9,0.11,1770418469406,2077.23
0.88,0.1,0.9,0.12,1770418469410,2077.23
0.88,0.11,0.9,0.12,1770418469436,2077.23
0.88,0.11,0.89,0.12,1770418469442,2077.23
0.87,0.11,0.89,0.12,1770418477296,2076.64
0.87,0.11,0.89,0.13,1770418477297,2076.64
0.88,0.11,0.89,0.13,1770418477337,2076.64
0.88,0.11,0.89,0.12,1770418477338,2076.64
0.88,0.1,0.89,0.12,1770418479769,2076.76
0.88,0.1,0.9,0.12,1770418479770,2076.76
0.89,0.1,0.9,0.12,1770418479790,2076.76
0.89,0.1,0.9,0.11,1770418479791,2076.76
0.89,0.08,0.9,0.11,1770418480555,2077.49
0.89,0.08,0.92,0.11,1770418480556,2077.49
0.9,0.08,0.92,0.11,1770418480558,2077.49
0.9,0.08,0.92,0.1,1770418480559,2077.49
0.91,0.08,0.92,0.1,1770418480565,2077.49
0.91,0.08,0.92,0.09,1770418480578,2077.49
0.91,0.07,0.92,0.09,1770418480916,2077.49
0.91,0.07,0.93,0.09,1770418480917,2077.49
0.92,0.07,0.93,0.09,1770418480922,2077.49
0.92,0.07,0.93,0.08,1770418480923,2077.49
0.91,0.07,0.93,0.08,1770418493604,2077.93
0.91,0.07,0.93,0.09,1770418493605,2077.93
0.92,0.07,0.93,0.09,1770418493831,2077.93
0.92,0.07,0.93,0.08,1770418493834,2077.93
0.92,0.06,0.93,0.08,1770418495865,2077.92
0.92,0.06,0.94,0.08,1770418495866,2077.92
0.93,0.06,0.94,0.08,1770418495888,2077.92
0.93,0.06,0.94,0.07,1770418495889,2077.92
0.93,0.05,0.94,0.07,1770418496875,2079.0
0.93,0.05,0.95,0.07,1770418496876,2079.0
0.94,0.05,0.95,0.07,1770418496881,2079.0
0.94,0.05,0.95,0.06,1770418496882,2079.0
0.93,0.05,0.95,0.06,1770418508188,2078.64
0.93,0.05,0.95,0.07,1770418508189,2078.64
0.93,0.05,0.94,0.07,1770418508217,2078.64
0.93,0.06,0.94,0.07,1770418508218,2078.64
0.93,0.06,0.94,0.08,1770418509752,2078.11
0.92,0.06,0.94,0.08,1770418509754,2078.11
0.93,0.06,0.94,0.08,1770418509777,2078.11
0.93,0.06,0.94,0.07,1770418509778,2078.11
0.93,0.06,0.94,0.08,1770418510684,2078.21
0.92,0.06,0.94,0.08,1770418510685,2078.21
0.92,0.07,0.94,0.08,1770418510714,2078.21
0.92,0.07,0.93,0.08,1770418510715,2078.21
0.91,0.07,0.93,0.08,1770418521102,2077.69
0.91,0.08,0.93,0.09,1770418521104,2077.69
0.91,0.08,0.92,0.09,1770418521106,2077.69
0.91,0.08,0.92,0.1,1770418524350,2076.87
0.9,0.09,0.92,0.1,1770418524352,2076.87
0.9,0.09,0.91,0.1,1770418524356,2076.87
0.89,0.09,0.91,0.1,1770418525661,2076.76
0.89,0.09,0.91,0.11,1770418525662,2076.76
0.89,0.1,0.91,0.11,1770418525690,2076.76
0.89,0.1,0.9,0.11,1770418525691,2076.76
0.89,0.09,0.9,0.11,1770418525757,2076.76
0.89,0.09,0.91,0.11,1770418525758,2076.76
0.9,0.09,0.91,0.11,1770418525771,2076.76
0.9,0.09,0.91,0.1,1770418525772,2076.76
0.89,0.09,0.91,0.1,1770418525983,2076.76
0.89,0.09,0.91,0.11,1770418525988,2076.76
0.89,0.1,0.91,0.11,1770418526012,2076.76
0.89,0.1,0.9,0.11,1770418526017,2076.76
0.88,0.1,0.9,0.11,1770418526757,2076.72
0.88,0.1,0.9,0.12,1770418526764,2076.72
0.88,0.11,0.9,0.12,1770418526782,2076.72
0.88,0.11,0.89,0.12,1770418526783,2076.72
0.87,0.11,0.89,0.12,1770418529869,2076.31
0.87,0.11,0.89,0.13,1770418529873,2076.31
0.87,0.12,0.89,0.13,1770418529898,2076.31
0.87,0.12,0.88,0.13,1770418529899,2076.31
0.87,0.13,0.88,0.14,1770418538994,2076.15
0.86,0.13,0.87,0.14,1770418538996,2076.15
0.86,0.12,0.87,0.14,1770418542828,2075.71
0.86,0.12,0.88,0.14,1770418542829,2075.71
0.87,0.12,0.88,0.14,1770418542841,2075.71
0.87,0.12,0.88,0.13,1770418542842,2075.71
0.87,0.11,0.88,0.13,1770418544304,2076.19
0.88,0.11,0.89,0.13,1770418544307,2076.19
0.88,0.11,0.89,0.12,1770418544309,2076.19
0.87,0.11,0.89,0.12,1770418557097,2076.1
0.87,0.11,0.89,0.13,1770418557098,2076.1
0.88,0.11,0.89,0.12,1770418557099,2076.1
0.87,0.11,0.89,0.12,1770418557109,2076.1
0.87,0.11,0.89,0.13,1770418557114,2076.1
0.87,0.12,0.89,0.13,1770418557130,2076.1
0.87,0.12,0.88,0.13,1770418557131,2076.1
0.86,0.12,0.88,0.13,1770418558790,2075.95
0.86,0.12,0.88,0.14,1770418558793,2075.95
0.86,0.12,0.88,0.15,1770418558810,2075.95
0.85,0.12,0.88,0.15,1770418558811,2075.95
0.85,0.13,0.88,0.15,1770418558824,2075.95
0.85,0.13,0.87,0.15,1770418558825,2075.95
0.85,0.14,0.87,0.15,1770418558898,2075.95
0.85,0.14,0.86,0.15,1770418558899,2075.95
0.85,0.14,0.87,0.15,1770418560228,2075.64
0.85,0.13,0.87,0.15,1770418560229,2075.64
0.86,0.13,0.87,0.15,1770418560240,2075.64
0.86,0.13,0.87,0.14,1770418560241,2075.64
0.86,0.13,0.87,0.15,1770418564438,2075.5
0.85,0.13,0.87,0.15,1770418564439,2075.5
0.85,0.14,0.87,0.15,1770418564463,2075.5
0.85,0.14,0.86,0.15,1770418564464,2075.5
0.85,0.13,0.86,0.15,1770418570033,2075.28
0.85,0.13,0.87,0.15,1770418570034,2075.28
0.86,0.13,0.87,0.15,1770418570037,2075.28
0.86,0.13,0.87,0.14,1770418570038,2075.28
0.86,0.12,0.87,0.14,1770418571126,2075.42
0.86,0.12,0.88,0.14,1770418571130,2075.42
0.87,0.12,0.88,0.14,1770418571133,2075.42
0.87,0.12,0.88,0.13,1770418571134,2075.42
0.87,0.12,0.89,0.13,1770418574401,2075.61
0.88,0.11,0.89,0.13,1770418574404,2075.61
0.88,0.11,0.89,0.12,1770418574417,2075.61
0.87,0.11,0.89,0.12,1770418578813,2075.9
0.87,0.11,0.89,0.13,1770418578814,2075.9
0.88,0.11,0.89,0.13,1770418578817,2075.9
0.88,0.11,0.89,0.12,1770418578818,2075.9
0.87,0.11,0.89,0.12,1770418578860,2075.9
0.87,0.11,0.89,0.13,1770418578861,2075.9
0.87,0.12,0.89,0.13,1770418578873,2075.9
0.87,0.12,0.88,0.13,1770418578874,2075.9
0.87,0.13,0.88,0.14,1770418580093,2075.6
0.86,0.13,0.87,0.14,1770418580094,2075.6
0.85,0.13,0.87,0.14,1770418583569,2075.2
0.85,0.13,0.87,0.15,1770418583571,2075.2
0.85,0.14,0.87,0.15,1770418583576,2075.2
0.85,0.14,0.86,0.15,1770418583577,2075.2
0.85,0.14,0.86,0.16,1770418583623,2075.2
0.84,0.14,0.86,0.16,1770418583624,2075.2
0.84,0.15,0.86,0.16,1770418583655,2075.2
0.84,0.15,0.85,0.16,1770418583656,2075.2
0.84,0.14,0.85,0.16,1770418588772,2074.84
0.85,0.14,0.86,0.16,1770418588774,2074.84
0.85,0.14,0.86,0.15,1770418588784,2074.84
0.85,0.13,0.86,0.15,1770418589482,2074.95
0.85,0.13,0.87,0.15,1770418589483,2074.95
0.86,0.13,0.87,0.15,1770418589485,2074.95
0.86,0.13,0.87,0.14,1770418589493,2074.95
0.87,0.13,0.88,0.14,1770418592410,2075.51
0.87,0.12,0.88,0.13,1770418592412,2075.51
0.87,0.11,0.88,0.13,1770418592965,2075.51
0.87,0.11,0.89,0.13,1770418592969,2075.51
0.88,0.11,0.89,0.13,1770418592977,2075.51
0.88,0.11,0.89,0.12,1770418592984,2075.51
0.87,0.11,0.89,0.12,1770418595048,2075.51
0.87,0.11,0.89,0.13,1770418595055,2075.51
0.87,0.11,0.89,0.12,1770418595108,2075.51
0.88,0.11,0.89,0.12,1770418595109,2075.51
0.87,0.11,0.89,0.12,1770418596655,2075.51
0.87,0.11,0.89,0.13,1770418596656,2075.51
0.87,0.12,0.89,0.13,1770418596802,2075.51
0.87,0.12,0.88,0.13,1770418596825,2075.51
0.87,0.11,0.88,0.13,1770418612573,2075.34
0.87,0.11,0.89,0.13,1770418612574,2075.34
0.88,0.11,0.89,0.13,1770418612591,2075.34
0.88,0.11,0.89,0.12,1770418612593,2075.34
0.88,0.1,0.89,0.12,1770418620104,2075.47
0.88,0.1,0.9,0.12,1770418620105,2075.47
0.89,0.1,0.9,0.12,1770418620117,2075.47
0.89,0.1,0.9,0.11,1770418620119,2075.47
0.89,0.1,0.91,0.11,1770418621039,2075.46
0.9,0.09,0.91,0.11,1770418621040,2075.46
0.9,0.09,0.91,0.1,1770418621041,2075.46
0.9,0.08,0.91,0.1,1770418622514,2075.47
0.9,0.08,0.92,0.1,1770418622537,2075.47
0.91,0.08,0.92,0.1,1770418622538,2075.47
0.91,0.08,0.92,0.09,1770418622539,2075.47
0.9,0.08,0.92,0.09,1770418632543,2075.26
0.9,0.08,0.92,0.1,1770418632560,2075.26
0.9,0.08,0.91,0.1,1770418632568,2075.26
0.9,0.09,0.91,0.1,1770418632569,2075.26
0.9,0.08,0.91,0.1,1770418635836,2075.26
0.9,0.08,0.92,0.1,1770418635837,2075.26
0.91,0.08,0.92,0.1,1770418635843,2075.26
0.91,0.08,0.92,0.09,1770418635844,2075.26
0.91,0.07,0.92,0.09,1770418636683,2075.47
0.91,0.07,0.93,0.09,1770418636684,2075.47
0.92,0.07,0.93,0.09,1770418636693,2075.47
0.92,0.07,0.93,0.08,1770418636700,2075.47
0.92,0.05,0.93,0.08,1770418666682,2075.8
0.92,0.05,0.95,0.08,1770418666683,2075.8
0.93,0.05,0.95,0.08,1770418666688,2075.8
0.93,0.05,0.95,0.07,1770418666698,2075.8
0.94,0.05,0.95,0.07,1770418666723,2075.8
0.94,0.05,0.95,0.06,1770418666727,2075.8
0.93,0.05,0.95,0.06,1770418685239,2075.09
0.93,0.05,0.95,0.07,1770418685259,2075.09
0.93,0.05,0.94,0.07,1770418685271,2075.09
0.93,0.06,0.94,0.07,1770418685284,2075.09
0.92,0.06,0.94,0.07,1770418689448,2074.78
0.92,0.06,0.94,0.08,1770418689449,2074.78
0.92,0.07,0.94,0.08,1770418689486,2074.78
0.92,0.07,0.93,0.08,1770418689488,2074.78
0.91,0.07,0.93,0.08,1770418689559,2074.78
0.91,0.07,0.93,0.09,1770418689560,2074.78
0.91,0.08,0.93,0.09,1770418689590,2074.78
0.91,0.08,0.92,0.09,1770418689591,2074.78
0.9,0.08,0.92,0.09,1770418691830,2074.63
0.9,0.08,0.92,0.1,1770418691835,2074.63
0.9,0.09,0.92,0.1,1770418691863,2074.63
0.9,0.09,0.91,0.1,1770418691869,2074.63
0.89,0.09,0.91,0.1,1770418692182,2074.63
0.89,0.09,0.91,0.11,1770418692184,2074.63
0.89,0.09,0.9,0.11,1770418692209,2074.63
0.89,0.1,0.9,0.11,1770418692210,2074.63
0.88,0.1,0.9,0.11,1770418693613,2074.06
0.88,0.1,0.9,0.12,1770418693614,2074.06
0.88,0.11,0.9,0.12,1770418693657,2074.06
0.88,0.11,0.89,0.12,1770418693658,2074.06
0.87,0.11,0.89,0.12,1770418697341,2073.85
0.87,0.11,0.89,0.13,1770418697342,2073.85
0.87,0.12,0.89,0.13,1770418697344,2073.85
0.87,0.12,0.88,0.13,1770418697351,2073.85
0.86,0.12,0.88,0.13,1770418698887,2073.82
0.86,0.12,0.88,0.14,1770418698893,2073.82
0.86,0.13,0.88,0.14,1770418698904,2073.82
0.86,0.13,0.87,0.14,1770418698906,2073.82
0.85,0.13,0.87,0.14,1770418699715,2073.54
0.85,0.13,0.87,0.15,1770418699721,2073.54
0.85,0.14,0.87,0.15,1770418699756,2073.54
0.85,0.14,0.86,0.15,1770418699757,2073.54
0.83,0.14,0.86,0.15,1770418700433,2073.28
0.83,0.14,0.86,0.17,1770418700435,2073.28
0.83,0.15,0.86,0.17,1770418700437,2073.28
0.83,0.15,0.85,0.17,1770418700443,2073.28
0.83,0.16,0.85,0.17,1770418700471,2073.28
0.83,0.16,0.84,0.17,1770418700474,2073.28
0.82,0.16,0.84,0.17,1770418700543,2073.28
0.82,0.16,0.84,0.18,1770418700544,2073.28
0.82,0.17,0.84,0.18,1770418700581,2073.28
0.82,0.17,0.83,0.18,1770418700582,2073.28
0.81,0.17,0.83,0.18,1770418701203,2073.28
0.81,0.17,0.83,0.19,1770418701208,2073.26
0.81,0.17,0.83,0.18,1770418701215,2073.26
0.82,0.17,0.83,0.18,1770418701217,2073.26
0.82,0.17,0.83,0.19,1770418701261,2073.26
0.81,0.18,0.82,0.19,1770418701263,2073.26
0.81,0.17,0.82,0.19,1770418701393,2073.26
0.81,0.17,0.83,0.19,1770418701394,2073.26
0.81,0.17,0.83,0.18,1770418701445,2073.26
0.82,0.17,0.83,0.18,1770418701447,2073.26
0.82,0.16,0.83,0.18,1770418701454,2073.26
0.82,0.16,0.84,0.18,1770418701455,2073.26
0.83,0.16,0.84,0.18,1770418701459,2073.26
0.83,0.16,0.84,0.17,1770418701460,2073.26
0.81,0.16,0.84,0.17,1770418701845,2073.26
0.82,0.17,0.83,0.18,1770418701872,2073.26
0.83,0.17,0.84,0.18,1770418701873,2073.26
0.83,0.16,0.84,0.17,1770418701874,2073.26
0.82,0.16,0.84,0.17,1770418702100,2073.26
0.82,0.16,0.84,0.18,1770418702108,2073.26
0.82,0.17,0.84,0.18,1770418702556,2073.13
0.82,0.17,0.83,0.18,1770418702557,2073.13
0.81,0.17,0.83,0.18,1770418702614,2073.13
0.81,0.17,0.83,0.19,1770418702620,2073.13
0.81,0.17,0.83,0.18,1770418702640,2073.13
0.82,0.17,0.83,0.18,1770418702653,2073.13
0.82,0.17,0.83,0.19,1770418702667,2073.13
0.81,0.17,0.83,0.19,1770418702673,2073.13
0.82,0.17,0.83,0.19,1770418703259,2073.05
0.82,0.17,0.83,0.18,1770418703284,2073.05
0.82,0.16,0.83,0.18,1770418705672,2073.05
0.82,0.16,0.84,0.18,1770418705673,2073.05
0.83,0.16,0.84,0.18,1770418705687,2073.05
0.83,0.16,0.84,0.17,1770418705696,2073.05
0.83,0.15,0.84,0.17,1770418706519,2073.05
0.83,0.15,0.85,0.17,1770418706524,2073.05
0.84,0.15,0.85,0.17,1770418706532,2073.05
0.84,0.15,0.85,0.16,1770418706533,2073.05
0.84,0.14,0.85,0.16,1770418706548,2073.05
0.84,0.14,0.86,0.16,1770418706549,2073.05
0.85,0.14,0.86,0.16,1770418706552,2073.05
0.85,0.14,0.86,0.15,1770418706557,2073.05
0.84,0.14,0.86,0.15,1770418706630,2073.05
0.84,0.14,0.86,0.16,1770418706631,2073.05
0.85,0.14,0.86,0.16,1770418706633,2073.05
0.85,0.14,0.86,0.15,1770418706634,2073.05
0.85,0.13,0.86,0.15,1770418710911,2073.34
0.86,0.13,0.87,0.15,1770418710921,2073.34
0.86,0.13,0.87,0.14,1770418710925,2073.34
0.86,0.13,0.88,0.14,1770418711223,2073.34
0.86,0.12,0.88,0.14,1770418711224,2073.34
0.87,0.12,0.88,0.14,1770418711255,2073.34
0.87,0.12,0.88,0.13,1770418711265,2073.34
0.87,0.11,0.88,0.13,1770418711359,2073.34
0.88,0.11,0.89,0.13,1770418711361,2073.34
0.88,0.11,0.89,0.12,1770418711367,2073.34
0.9,0.11,0.91,0.12,1770418714181,2073.48
0.9,0.09,0.91,0.1,1770418714182,2073.48
0.9,0.08,0.91,0.1,1770418714745,2073.65
0.91,0.08,0.92,0.1,1770418714761,2073.65
0.91,0.08,0.92,0.09,1770418714767,2073.65
0.91,0.07,0.92,0.09,1770418715973,2073.72
0.92,0.07,0.93,0.09,1770418715980,2073.72
0.92,0.07,0.93,0.08,1770418715981,2073.72
0.92,0.06,0.93,0.08,1770418718402,2074.27
0.92,0.06,0.94,0.08,1770418718403,2074.27
0.93,0.06,0.94,0.08,1770418718405,2074.27
0.93,0.06,0.94,0.07,1770418718406,2074.27
0.93,0.05,0.94,0.07,1770418718562,2074.27
0.94,0.05,0.95,0.07,1770418718566,2074.27
0.94,0.05,0.95,0.06,1770418718570,2074.27
0.94,0.04,0.95,0.06,1770418719067,2074.27
0.95,0.04,0.96,0.06,1770418719068,2074.27
0.95,0.04,0.96,0.05,1770418719070,2074.27
0.95,0.03,0.96,0.05,1770418720684,2075.2
0.95,0.03,0.97,0.05,1770418720706,2075.2
0.96,0.03,0.97,0.05,1770418720773,2075.2
0.96,0.03,0.97,0.04,1770418720774,2075.2
0.95,0.03,0.97,0.04,1770418732505,2074.7
0.95,0.03,0.97,0.05,1770418732533,2074.7
0.95,0.04,0.97,0.05,1770418732551,2074.7
0.95,0.04,0.96,0.05,1770418732552,2074.7
0.74,0.04,0.75,0.05,1770418742839,2073.15
0.74,0.25,0.75,0.26,1770418742840,2073.15
0.67,0.25,0.75,0.26,1770418742981,2073.15
0.67,0.25,0.75,0.33,1770418742982,2073.15
0.67,0.26,0.75,0.33,1770418743018,2073.15
0.67,0.26,0.74,0.33,1770418743025,2073.15
0.67,0.31,0.74,0.33,1770418743031,2073.15
0.67,0.32,0.68,0.33,1770418743032,2073.15
0.67,0.31,0.68,0.33,1770418743996,2071.55
0.67,0.31,0.69,0.33,1770418743998,2071.55
0.68,0.31,0.69,0.33,1770418744034,2071.55
0.68,0.31,0.69,0.32,1770418744035,2071.55
0.68,0.27,0.69,0.32,1770418744309,2071.93
0.68,0.27,0.73,0.32,1770418744320,2071.93
0.71,0.27,0.73,0.32,1770418744358,2071.93
0.71,0.27,0.73,0.29,1770418744359,2071.93
0.72,0.27,0.73,0.28,1770418744362,2071.93
0.73,0.27,0.75,0.28,1770418744439,2071.93
0.73,0.25,0.75,0.27,1770418744457,2071.93
0.73,0.26,0.74,0.27,1770418744458,2071.93
0.73,0.26,0.76,0.27,1770418744510,2071.93
0.73,0.24,0.76,0.27,1770418744516,2071.93
0.73,0.23,0.76,0.27,1770418744529,2071.93
0.73,0.23,0.77,0.27,1770418744531,2071.93
0.73,0.23,0.75,0.27,1770418744532,2071.93
0.73,0.25,0.75,0.27,1770418744533,2071.93
0.74,0.25,0.75,0.27,1770418744564,2071.93
0.74,0.25,0.75,0.26,1770418744565,2071.93
0.74,0.23,0.75,0.26,1770418744692,2071.93
0.74,0.23,0.77,0.26,1770418744693,2071.93
0.74,0.25,0.77,0.26,1770418744695,2071.93
0.74,0.25,0.75,0.26,1770418744700,2071.93
0.74,0.24,0.75,0.26,1770418744724,2071.93
0.74,0.24,0.76,0.26,1770418744727,2071.93
0.74,0.23,0.76,0.26,1770418744745,2071.93
0.74,0.23,0.77,0.26,1770418744749,2071.93
0.74,0.23,0.76,0.26,1770418744754,2071.93
0.74,0.24,0.76,0.26,1770418744762,2071.93
0.75,0.24,0.76,0.26,1770418744797,2071.93
0.75,0.24,0.76,0.25,1770418744802,2071.93
0.75,0.24,0.77,0.25,1770418744845,2071.93
0.75,0.23,0.77,0.25,1770418744846,2071.93
0.76,0.23,0.77,0.25,1770418744914,2071.93
0.76,0.23,0.77,0.24,1770418744915,2071.93
0.76,0.22,0.77,0.24,1770418745423,2072.0
0.76,0.22,0.78,0.24,1770418745439,2072.0
0.76,0.2,0.78,0.24,1770418745447,2072.0
0.76,0.2,0.8,0.24,1770418745453,2072.0
0.77,0.2,0.8,0.24,1770418745480,2072.0
0.77,0.2,0.8,0.23,1770418745486,2072.0
0.78,0.2,0.8,0.23,1770418745499,2072.0
0.78,0.2,0.8,0.22,1770418745500,2072.0
0.78,0.2,0.79,0.22,1770418745506,2072.0
0.78,0.21,0.79,0.22,1770418745507,2072.0
0.77,0.21,0.79,0.22,1770418745514,2072.0
0.77,0.21,0.79,0.23,1770418745515,2072.0
0.78,0.21,0.79,0.23,1770418745535,2072.0
0.78,0.21,0.79,0.22,1770418745545,2072.0
0.78,0.2,0.79,0.22,1770418749345,2072.31
0.78,0.2,0.8,0.22,1770418749346,2072.31
0.79,0.2,0.8,0.22,1770418749372,2072.31
0.79,0.2,0.8,0.21,1770418749373,2072.31
0.79,0.18,0.8,0.21,1770418750373,2072.31
0.79,0.18,0.82,0.21,1770418750374,2072.31
0.8,0.18,0.82,0.21,1770418750419,2072.31
0.8,0.18,0.82,0.2,1770418750422,2072.31
0.79,0.18,0.82,0.2,1770418750445,2072.31
0.79,0.18,0.82,0.21,1770418750454,2072.31
0.81,0.18,0.82,0.21,1770418750468,2072.31
0.81,0.18,0.82,0.19,1770418750482,2072.31
0.8,0.18,0.82,0.19,1770418750719,2072.31
0.8,0.18,0.82,0.2,1770418750721,2072.31
0.8,0.19,0.82,0.2,1770418750944,2072.31
0.8,0.19,0.81,0.2,1770418750945,2072.31
0.8,0.17,0.81,0.2,1770418751774,2072.3
0.8,0.17,0.83,0.2,1770418751775,2072.3
0.81,0.17,0.83,0.2,1770418751787,2072.3
0.82,0.17,0.83,0.19,1770418751789,2072.3
0.82,0.17,0.83,0.18,1770418751790,2072.3
0.82,0.11,0.83,0.18,1770418751884,2072.3
0.82,0.11,0.89,0.18,1770418751885,2072.3
0.82,0.12,0.89,0.18,1770418751886,2072.3
0.82,0.12,0.88,0.18,1770418751887,2072.3
0.82,0.12,0.87,0.18,1770418751898,2072.3
0.82,0.13,0.87,0.18,1770418751902,2072.3
0.83,0.13,0.87,0.18,1770418751915,2072.3
0.83,0.13,0.87,0.17,1770418751916,2072.3
0.83,0.13,0.88,0.17,1770418751933,2072.3
0.83,0.12,0.88,0.17,1770418751941,2072.3
0.84,0.12,0.88,0.17,1770418751958,2072.3
0.84,0.12,0.88,0.16,1770418751959,2072.3
0.84,0.14,0.86,0.16,1770418751964,2072.3
0.85,0.14,0.86,0.16,1770418751980,2072.3
0.84,0.14,0.86,0.15,1770418751984,2072.3
0.84,0.14,0.86,0.16,1770418751985,2072.3
0.83,0.14,0.86,0.16,1770418752029,2072.3
0.85,0.14,0.86,0.17,1770418752037,2072.3
0.85,0.14,0.86,0.15,1770418752038,2072.3
0.84,0.14,0.86,0.15,1770418752062,2072.3
0.84,0.14,0.86,0.16,1770418752064,2072.3
0.85,0.14,0.86,0.16,1770418752068,2072.3
0.85,0.14,0.86,0.15,1770418752073,2072.3
0.85,0.14,0.87,0.15,1770418752082,2072.3
0.85,0.13,0.87,0.15,1770418752083,2072.3
0.85,0.14,0.87,0.15,1770418752086,2072.3
0.85,0.14,0.86,0.15,1770418752087,2072.3
0.84,0.14,0.86,0.15,1770418752603,2072.61
0.84,0.14,0.86,0.16,1770418752604,2072.61
0.85,0.14,0.86,0.16,1770418752776,2072.61
0.85,0.14,0.86,0.15,1770418752789,2072.61
0.85,0.13,0.86,0.15,1770418753721,2072.61
0.85,0.13,0.87,0.15,1770418753722,2072.61
0.85,0.12,0.87,0.15,1770418753767,2072.61
0.85,0.12,0.88,0.15,1770418753770,2072.61
0.86,0.12,0.88,0.15,1770418753783,2072.61
0.86,0.12,0.88,0.14,1770418753784,2072.61
0.86,0.13,0.88,0.14,1770418753844,2072.61
0.86,0.13,0.87,0.14,1770418753849,2072.61
0.86,0.12,0.87,0.14,1770418753958,2072.61
0.86,0.12,0.88,0.14,1770418753967,2072.61
0.86,0.12,0.88,0.13,1770418754043,2072.61
0.87,0.12,0.88,0.13,1770418754044,2072.61
0.87,0.12,0.88,0.14,1770418754076,2072.61
0.86,0.12,0.88,0.14,1770418754094,2072.61
0.86,0.12,0.88,0.13,1770418754174,2072.61
0.87,0.12,0.88,0.13,1770418754178,2072.61
0.86,0.12,0.88,0.13,1770418754467,2072.61
0.86,0.12,0.88,0.14,1770418754468,2072.61
0.86,0.12,0.89,0.14,1770418754930,2072.61
0.87,0.11,0.89,0.14,1770418754931,2072.61
0.87,0.11,0.89,0.13,1770418754934,2072.61
0.88,0.11,0.89,0.13,1770418755138,2072.61
0.88,0.11,0.89,0.12,1770418755142,2072.61
0.88,0.1,0.89,0.12,1770418755154,2072.61
0.88,0.1,0.9,0.12,1770418755155,2072.61
0.87,0.1,0.9,0.12,1770418755163,2072.61
0.87,0.1,0.9,0.13,1770418755164,2072.61
0.88,0.1,0.9,0.13,1770418755222,2073.0
0.88,0.1,0.9,0.12,1770418755223,2073.0
0.88,0.11,0.9,0.12,1770418755235,2073.0
0.88,0.11,0.89,0.12,1770418755236,2073.0
0.88,0.1,0.89,0.12,1770418756314,2073.0
0.88,0.1,0.9,0.12,1770418756315,2073.0
0.88,0.11,0.9,0.12,1770418756697,2073.0
0.88,0.11,0.89,0.12,1770418756699,2073.0
0.88,0.1,0.89,0.12,1770418756796,2073.0
0.88,0.1,0.9,0.12,1770418756823,2073.0
0.89,0.1,0.9,0.12,1770418757289,2073.0
0.89,0.1,0.9,0.11,1770418757296,2073.0
0.89,0.1,0.9,0.12,1770418758289,2073.0
0.88,0.1,0.9,0.12,1770418758290,2073.0
0.89,0.1,0.9,0.12,1770418758340,2073.0
0.89,0.1,0.9,0.11,1770418758342,2073.0
0.89,0.09,0.9,0.11,1770418759586,2073.0
