0.62,0.36,0.63,0.38,1770417198206,88.96
0.62,0.36,0.64,0.38,1770417198207,88.96
0.63,0.36,0.64,0.38,1770417198209,88.96
0.63,0.36,0.64,0.37,1770417198217,88.96
0.63,0.35,0.64,0.37,1770417199142,88.96
0.63,0.35,0.65,0.37,1770417199145,88.96
0.64,0.35,0.65,0.37,1770417199150,88.96
0.64,0.35,0.65,0.36,1770417199152,88.96
0.64,0.34,0.65,0.36,1770417201284,89.0
0.64,0.34,0.66,0.36,1770417201285,89.0
0.65,0.34,0.66,0.36,1770417201290,89.0
0.65,0.34,0.66,0.35,1770417201303,89.0
0.65,0.33,0.66,0.35,1770417201930,88.99
0.66,0.33,0.67,0.35,1770417201932,88.99
0.66,0.33,0.67,0.34,1770417201935,88.99
0.66,0.32,0.67,0.34,1770417206921,89.01
0.67,0.32,0.68,0.34,1770417206930,89.01
0.67,0.32,0.68,0.33,1770417206931,89.01
0.65,0.32,0.68,0.33,1770417209476,88.98
0.65,0.33,0.68,0.35,1770417209478,88.98
0.65,0.33,0.67,0.35,1770417209483,88.98
0.65,0.34,0.67,0.35,1770417209524,88.98
0.65,0.34,0.66,0.35,1770417209526,88.98
0.64,0.34,0.66,0.35,1770417209631,88.98
0.64,0.34,0.66,0.36,1770417209632,88.98
0.65,0.34,0.66,0.36,1770417209804,88.98
0.65,0.34,0.66,0.35,1770417209861,88.98
0.64,0.34,0.66,0.35,1770417209930,88.98
0.64,0.34,0.66,0.36,1770417209931,88.98
0.65,0.34,0.66,0.36,1770417210102,88.98
0.65,0.34,0.66,0.35,1770417210103,88.98
0.64,0.34,0.66,0.35,1770417210130,88.98
0.64,0.34,0.66,0.36,1770417210133,88.98
0.65,0.34,0.66,0.36,1770417210184,88.98
0.65,0.34,0.66,0.35,1770417210190,88.98
0.64,0.34,0.66,0.35,1770417211847,88.99
0.64,0.34,0.66,0.36,1770417211848,88.99
0.64,0.35,0.66,0.36,1770417211849,88.99
0.64,0.35,0.65,0.36,1770417211859,88.99
0.63,0.35,0.65,0.36,1770417211882,88.99
0.63,0.35,0.65,0.37,1770417211890,88.99
0.63,0.35,0.65,0.36,1770417211969,88.99
0.64,0.35,0.65,0.36,1770417211970,88.99
0.64,0.34,0.65,0.36,1770417212069,88.99
0.65,0.34,0.66,0.36,1770417212072,88.99
0.65,0.34,0.66,0.35,1770417212073,88.99
0.64,0.34,0.66,0.35,1770417212289,88.99
0.64,0.34,0.66,0.36,1770417212291,88.99
0.64,0.35,0.66,0.36,1770417212300,88.99
0.64,0.35,0.65,0.36,1770417212305,88.99
0.64,0.34,0.65,0.36,1770417212526,88.99
0.65,0.34,0.66,0.36,1770417212537,88.99
0.65,0.34,0.66,0.35,1770417212538,88.99
0.64,0.34,0.66,0.35,1770417212750,88.99
0.64,0.35,0.66,0.36,1770417212756,88.99
0.64,0.35,0.65,0.36,1770417212760,88.99
0.64,0.34,0.65,0.36,1770417212971,88.99
0.64,0.34,0.66,0.36,1770417212972,88.99
0.65,0.34,0.66,0.36,1770417212981,88.99
0.65,0.34,0.66,0.35,1770417212982,88.99
0.64,0.34,0.66,0.35,1770417213195,88.99
0.64,0.34,0.66,0.36,1770417213196,88.99
0.64,0.34,0.66,0.35,1770417213201,88.99
0.65,0.34,0.66,0.35,1770417213202,88.99
0.65,0.34,0.66,0.36,1770417213783,88.99
0.64,0.34,0.66,0.36,1770417213784,88.99
0.64,0.34,0.66,0.35,1770417213830,88.99
0.65,0.34,0.66,0.35,1770417213832,88.99
0.65,0.34,0.66,0.36,1770417213864,88.99
0.64,0.34,0.66,0.36,1770417213865,88.99
0.64,0.34,0.66,0.35,1770417214098,88.99
0.65,0.34,0.66,0.35,1770417214120,88.99
0.65,0.34,0.66,0.36,1770417214220,88.99
0.64,0.34,0.66,0.36,1770417214221,88.99
0.63,0.34,0.66,0.36,1770417214250,88.99
0.63,0.34,0.66,0.37,1770417214251,88.99
0.63,0.34,0.65,0.37,1770417214267,88.99
0.63,0.35,0.65,0.37,1770417214268,88.99
0.63,0.35,0.64,0.37,1770417214278,88.99
0.63,0.36,0.64,0.37,1770417214281,88.99
0.62,0.36,0.64,0.37,1770417214392,88.99
0.62,0.36,0.64,0.38,1770417214393,88.99
0.62,0.37,0.64,0.38,1770417214408,88.99
0.62,0.37,0.63,0.38,1770417214411,88.99
0.62,0.36,0.63,0.38,1770417214633,88.99
0.62,0.36,0.64,0.38,1770417214634,88.99
0.62,0.37,0.64,0.38,1770417214657,88.99
0.62,0.37,0.63,0.38,1770417214658,88.99
0.62,0.36,0.63,0.38,1770417214782,88.99
0.62,0.36,0.64,0.38,1770417214804,88.99
0.62,0.37,0.64,0.38,1770417214898,88.99
0.62,0.37,0.63,0.38,1770417214913,88.99
0.62,0.35,0.63,0.38,1770417219383,88.98
0.63,0.35,0.65,0.37,1770417219384,88.98
0.64,0.35,0.65,0.37,1770417219415,88.98
0.64,0.35,0.65,0.36,1770417219416,88.98
0.64,0.33,0.65,0.36,1770417220235,88.98
0.64,0.33,0.67,0.36,1770417220236,88.98
0.65,0.33,0.67,0.36,1770417220241,88.98
0.65,0.33,0.67,0.35,1770417220242,88.98
0.66,0.33,0.67,0.35,1770417220290,88.98
0.66,0.33,0.67,0.34,1770417220291,88.98
0.66,0.31,0.67,0.34,1770417222309,89.02
0.66,0.31,0.69,0.34,1770417222310,89.02
0.66,0.3,0.69,0.34,1770417222311,89.02
0.67,0.3,0.7,0.34,1770417222317,89.02
0.67,0.3,0.7,0.33,1770417222320,89.02
0.68,0.3,0.7,0.33,1770417222377,89.02
0.69,0.3,0.7,0.31,1770417222382,89.02
0.68,0.3,0.7,0.31,1770417233568,89.04
0.68,0.3,0.7,0.32,1770417233569,89.04
0.68,0.31,0.7,0.32,1770417233717,89.04
0.68,0.31,0.69,0.32,1770417233721,89.04
0.67,0.31,0.69,0.32,1770417234532,89.02
0.67,0.31,0.69,0.33,1770417234553,89.02
0.68,0.31,0.69,0.33,1770417235078,89.02
0.68,0.31,0.69,0.32,1770417235106,89.02
0.67,0.31,0.69,0.32,1770417236572,89.02
0.67,0.31,0.69,0.33,1770417236580,89.02
0.68,0.31,0.69,0.33,1770417236627,89.02
0.68,0.31,0.69,0.32,1770417236629,89.02
0.68,0.3,0.69,0.32,1770417240876,89.04
0.68,0.3,0.7,0.32,1770417240881,89.04
0.69,0.3,0.7,0.32,1770417240887,89.04
0.69,0.3,0.7,0.31,1770417240896,89.04
0.69,0.29,0.7,0.31,1770417243287,89.03
0.69,0.29,0.71,0.31,1770417243295,89.03
0.7,0.29,0.71,0.31,1770417243302,89.03
0.7,0.29,0.71,0.3,1770417243303,89.03
0.7,0.28,0.71,0.3,1770417244301,89.05
0.71,0.28,0.72,0.3,1770417244310,89.05
0.71,0.28,0.72,0.29,1770417244327,89.04
0.7,0.28,0.72,0.29,1770417244520,89.04
0.7,0.28,0.72,0.3,1770417244521,89.04
0.71,0.28,0.72,0.3,1770417245052,89.04
0.71,0.28,0.72,0.29,1770417245073,89.04
0.7,0.28,0.72,0.29,1770417246460,89.06
0.7,0.28,0.72,0.3,1770417246461,89.06
0.7,0.29,0.72,0.3,1770417246483,89.06
0.7,0.29,0.71,0.3,1770417246486,89.06
0.7,0.28,0.71,0.3,1770417249404,89.04
0.71,0.28,0.72,0.3,1770417249422,89.04
0.71,0.28,0.72,0.29,1770417249429,89.04
0.71,0.27,0.72,0.29,1770417250450,89.06
0.71,0.27,0.73,0.29,1770417250451,89.06
0.72,0.27,0.73,0.29,1770417250459,89.06
0.72,0.27,0.73,0.28,1770417250460,89.06
0.72,0.26,0.73,0.28,1770417251311,89.06
0.72,0.26,0.74,0.28,1770417251312,89.06
0.73,0.26,0.74,0.28,1770417251318,89.06
0.73,0.26,0.74,0.27,1770417251327,89.06
0.72,0.26,0.74,0.27,1770417252889,89.08
0.72,0.26,0.74,0.28,1770417252890,89.08
0.73,0.26,0.74,0.28,1770417252892,89.08
0.73,0.26,0.74,0.27,1770417252896,89.08
0.72,0.26,0.74,0.27,1770417252989,89.08
0.72,0.26,0.74,0.28,1770417252993,89.08
0.72,0.27,0.74,0.28,1770417253046,89.08
0.72,0.27,0.73,0.28,1770417253047,89.08
0.71,0.27,0.73,0.28,1770417258097,89.06
0.71,0.27,0.73,0.29,1770417258125,89.06
0.71,0.28,0.73,0.29,1770417258133,89.06
0.71,0.28,0.72,0.29,1770417258157,89.06
0.71,0.28,0.73,0.29,1770417263057,89.06
0.71,0.27,0.73,0.29,1770417263058,89.06
0.72,0.27,0.73,0.29,1770417263065,89.06
0.72,0.27,0.73,0.28,1770417263066,89.06
0.72,0.26,0.73,0.28,1770417263111,89.06
0.72,0.26,0.74,0.28,1770417263115,89.06
0.73,0.26,0.74,0.28,1770417263119,89.06
0.73,0.26,0.74,0.27,1770417263122,89.06
0.71,0.26,0.74,0.27,1770417263600,89.09
0.71,0.26,0.74,0.29,1770417263609,89.09
0.71,0.27,0.74,0.29,1770417263621,89.09
0.71,0.27,0.73,0.29,1770417263622,89.09
0.71,0.28,0.73,0.29,1770417263650,89.09
0.71,0.28,0.72,0.29,1770417263651,89.09
0.69,0.28,0.72,0.29,1770417263727,89.09
0.69,0.28,0.72,0.31,1770417263741,89.09
0.69,0.3,0.72,0.31,1770417263783,89.09
0.69,0.3,0.7,0.31,1770417263784,89.09
0.68,0.3,0.7,0.31,1770417264831,89.04
0.68,0.3,0.7,0.32,1770417264846,89.04
0.68,0.31,0.7,0.32,1770417264850,89.04
0.68,0.31,0.69,0.32,1770417264851,89.04
0.67,0.31,0.69,0.32,1770417264954,89.04
0.67,0.31,0.69,0.33,1770417264957,89.04
0.67,0.32,0.69,0.33,1770417265005,89.04
0.67,0.32,0.68,0.33,1770417265011,89.04
0.67,0.31,0.68,0.33,1770417266980,89.01
0.68,0.31,0.69,0.33,1770417266985,89.01
0.68,0.31,0.69,0.32,1770417266987,89.01
0.68,0.29,0.69,0.32,1770417268191,89.03
0.69,0.29,0.71,0.32,1770417268202,89.03
0.69,0.29,0.71,0.31,1770417268205,89.03
0.7,0.29,0.71,0.31,1770417268305,89.03
0.7,0.29,0.71,0.3,1770417268310,89.03
0.7,0.28,0.71,0.3,1770417269857,89.04
0.7,0.28,0.72,0.3,1770417269859,89.04
0.71,0.28,0.72,0.3,1770417269868,89.04
0.71,0.28,0.72,0.29,1770417269869,89.04
0.71,0.27,0.72,0.29,1770417269882,89.04
0.71,0.27,0.73,0.29,1770417269893,89.04
0.72,0.27,0.73,0.29,1770417269897,89.04
0.72,0.27,0.73,0.28,1770417269898,89.04
0.72,0.23,0.73,0.28,1770417270428,89.12
0.72,0.23,0.77,0.28,1770417270432,89.12
0.73,0.23,0.77,0.28,1770417270455,89.12
0.73,0.23,0.77,0.27,1770417270457,89.12
0.75,0.23,0.77,0.27,1770417270489,89.12
0.76,0.23,0.77,0.25,1770417270502,89.12
0.76,0.23,0.77,0.24,1770417270503,89.12
0.76,0.22,0.77,0.24,1770417270878,89.12
0.76,0.22,0.78,0.24,1770417270907,89.12
0.76,0.23,0.78,0.24,1770417271045,89.12
0.76,0.23,0.77,0.24,1770417271046,89.12
0.75,0.23,0.77,0.24,1770417271070,89.12
0.75,0.23,0.77,0.25,1770417271081,89.12
0.75,0.22,0.77,0.25,1770417271123,89.12
0.75,0.22,0.78,0.25,1770417271124,89.12
0.76,0.22,0.78,0.24,1770417271143,89.12
0.75,0.22,0.78,0.24,1770417271152,89.12
0.75,0.22,0.78,0.25,1770417271153,89.12
0.75,0.23,0.78,0.25,1770417271164,89.12
0.75,0.23,0.77,0.25,1770417271167,89.12
0.76,0.23,0.77,0.25,1770417271193,89.12
0.76,0.22,0.78,0.24,1770417271197,89.12
0.77,0.22,0.78,0.24,1770417271210,89.12
0.77,0.22,0.78,0.23,1770417271222,89.12
0.75,0.22,0.78,0.23,1770417271424,89.11
0.75,0.22,0.78,0.25,1770417271435,89.11
0.75,0.23,0.78,0.25,1770417272275,89.11
0.75,0.23,0.77,0.25,1770417272299,89.11
0.75,0.22,0.77,0.25,1770417272451,89.12
0.75,0.22,0.78,0.25,1770417272452,89.12
0.76,0.22,0.78,0.25,1770417272458,89.12
0.76,0.22,0.78,0.24,1770417272459,89.12
0.76,0.23,0.78,0.24,1770417272461,89.12
0.76,0.23,0.77,0.24,1770417272462,89.12
0.75,0.23,0.77,0.24,1770417272764,89.12
0.75,0.23,0.77,0.25,1770417272792,89.12
0.76,0.23,0.77,0.25,1770417273142,89.12
0.76,0.23,0.77,0.24,1770417273180,89.12
0.77,0.23,0.78,0.24,1770417273285,89.12
0.77,0.22,0.78,0.23,1770417273289,89.12
0.77,0.21,0.78,0.23,1770417273803,89.12
0.77,0.21,0.79,0.23,1770417273804,89.12
0.78,0.21,0.79,0.23,1770417273824,89.12
0.78,0.21,0.79,0.22,1770417273825,89.12
0.78,0.18,0.79,0.22,1770417275339,89.17
0.78,0.18,0.82,0.22,1770417275340,89.17
0.79,0.18,0.82,0.21,1770417275341,89.17
0.8,0.18,0.82,0.21,1770417275393,89.17
0.8,0.18,0.82,0.2,1770417275396,89.17
0.8,0.18,0.82,0.19,1770417275399,89.17
0.81,0.18,0.82,0.19,1770417275411,89.17
0.81,0.18,0.82,0.2,1770417275431,89.17
0.8,0.18,0.82,0.2,1770417275432,89.17
0.81,0.18,0.82,0.2,1770417275434,89.17
0.81,0.18,0.82,0.19,1770417275437,89.17
0.81,0.18,0.83,0.19,1770417275758,89.17
0.82,0.17,0.83,0.19,1770417275766,89.17
0.82,0.17,0.83,0.18,1770417275770,89.17
0.82,0.17,0.84,0.18,1770417276523,89.17
0.83,0.16,0.84,0.18,1770417276524,89.17
0.83,0.16,0.84,0.17,1770417276529,89.17
0.83,0.15,0.84,0.17,1770417278089,89.19
0.83,0.15,0.85,0.17,1770417278090,89.19
0.84,0.15,0.85,0.16,1770417278091,89.19
0.83,0.15,0.85,0.16,1770417278306,89.19
0.83,0.15,0.85,0.17,1770417278332,89.18
0.83,0.15,0.84,0.17,1770417278346,89.18
0.83,0.16,0.84,0.17,1770417278352,89.18
0.83,0.16,0.84,0.18,1770417278556,89.18
0.82,0.16,0.84,0.18,1770417278579,89.18
0.82,0.16,0.84,0.17,1770417278730,89.18
0.83,0.16,0.84,0.17,1770417278785,89.18
0.83,0.16,0.84,0.18,1770417279020,89.18
0.82,0.16,0.84,0.18,1770417279026,89.18
0.83,0.16,0.84,0.18,1770417279034,89.18
0.83,0.16,0.84,0.17,1770417279035,89.18
0.83,0.15,0.84,0.17,1770417279695,89.18
0.84,0.15,0.85,0.17,1770417279696,89.18
0.84,0.15,0.85,0.16,1770417279708,89.18
0.85,0.15,0.87,0.16,1770417284648,89.21
0.85,0.13,0.87,0.15,1770417284649,89.21
0.86,0.13,0.87,0.15,1770417284676,89.21
0.86,0.13,0.87,0.14,1770417284677,89.21
0.86,0.11,0.87,0.14,1770417285094,89.21
0.86,0.11,0.89,0.14,1770417285095,89.21
0.87,0.11,0.89,0.14,1770417285111,89.21
0.87,0.11,0.89,0.13,1770417285116,89.21
0.88,0.11,0.89,0.13,1770417285144,89.21
0.88,0.11,0.89,0.12,1770417285145,89.21
0.87,0.11,0.89,0.12,1770417285245,89.21
0.87,0.11,0.89,0.13,1770417285246,89.21
0.87,0.11,0.88,0.13,1770417285281,89.21
0.87,0.12,0.88,0.13,1770417285306,89.23
0.86,0.12,0.88,0.13,1770417285365,89.23
0.86,0.12,0.88,0.14,1770417285377,89.23
0.86,0.12,0.87,0.14,1770417285517,89.23
0.86,0.13,0.87,0.14,1770417285528,89.23
0.85,0.13,0.87,0.14,1770417285909,89.23
0.85,0.13,0.87,0.15,1770417285914,89.23
0.85,0.13,0.86,0.15,1770417285943,89.23
0.85,0.14,0.86,0.15,1770417285944,89.23
0.85,0.13,0.86,0.15,1770417286157,89.23
0.85,0.13,0.87,0.15,1770417286158,89.23
0.86,0.13,0.87,0.15,1770417286166,89.23
0.86,0.13,0.87,0.14,1770417286174,89.23
0.85,0.13,0.87,0.14,1770417286384,89.22
0.85,0.13,0.87,0.15,1770417286388,89.22
0.85,0.14,0.87,0.15,1770417286398,89.22
0.85,0.14,0.86,0.15,1770417286402,89.22
0.86,0.14,0.87,0.15,1770417290634,89.24
0.86,0.13,0.87,0.14,1770417290642,89.24
0.86,0.12,0.87,0.14,1770417290842,89.24
0.86,0.12,0.88,0.14,1770417290852,89.24
0.87,0.12,0.88,0.14,1770417290860,89.24
0.87,0.12,0.88,0.13,1770417290865,89.24
0.86,0.12,0.88,0.13,1770417291422,89.23
0.86,0.12,0.88,0.14,1770417291424,89.23
0.86,0.12,0.87,0.14,1770417291456,89.23
0.86,0.13,0.87,0.14,1770417291478,89.23
0.86,0.13,0.88,0.14,1770417291566,89.23
0.87,0.12,0.88,0.14,1770417291582,89.23
0.87,0.12,0.88,0.13,1770417291600,89.23
0.86,0.12,0.88,0.13,1770417291796,89.23
0.86,0.12,0.88,0.14,1770417291804,89.23
0.86,0.12,0.87,0.14,1770417291835,89.23
0.86,0.13,0.87,0.14,1770417291841,89.23
0.86,0.13,0.88,0.14,1770417291862,89.23
0.87,0.12,0.88,0.14,1770417291870,89.23
0.87,0.12,0.88,0.13,1770417291879,89.23
0.86,0.12,0.88,0.13,1770417292179,89.23
0.86,0.12,0.88,0.14,1770417292180,89.23
0.86,0.12,0.87,0.14,1770417292221,89.23
0.86,0.13,0.87,0.14,1770417292223,89.23
0.86,0.13,0.88,0.14,1770417292314,89.24
0.87,0.12,0.88,0.14,1770417292322,89.24
0.87,0.12,0.88,0.13,1770417292323,89.24
0.86,0.12,0.88,0.13,1770417292542,89.24
0.86,0.12,0.88,0.14,1770417292543,89.24
0.86,0.12,0.87,0.14,1770417292648,89.24
0.86,0.13,0.87,0.14,1770417292684,89.24
0.86,0.13,0.88,0.14,1770417292839,89.24
0.87,0.12,0.88,0.14,1770417292840,89.24
0.87,0.12,0.88,0.13,1770417292843,89.24
0.87,0.12,0.88,0.14,1770417293089,89.24
0.86,0.12,0.88,0.14,1770417293090,89.24
0.86,0.12,0.88,0.13,1770417293290,89.24
0.87,0.12,0.88,0.13,1770417293319,89.24
0.87,0.12,0.88,0.14,1770417293320,89.24
0.86,0.12,0.88,0.14,1770417293321,89.24
0.86,0.12,0.88,0.13,1770417293437,89.24
0.87,0.12,0.88,0.13,1770417293443,89.24
0.87,0.12,0.88,0.14,1770417293705,89.24
0.86,0.12,0.88,0.14,1770417293706,89.24
0.87,0.12,0.88,0.14,1770417293731,89.24
0.87,0.12,0.88,0.13,1770417293733,89.24
0.87,0.11,0.88,0.13,1770417294054,89.24
0.88,0.11,0.89,0.13,1770417294061,89.24
0.88,0.11,0.89,0.12,1770417294072,89.24
0.87,0.11,0.89,0.12,1770417294282,89.24
0.87,0.11,0.89,0.13,1770417294306,89.24
0.87,0.11,0.88,0.13,1770417295136,89.24
0.87,0.12,0.88,0.13,1770417295138,89.24
0.87,0.12,0.89,0.13,1770417295226,89.24
0.87,0.11,0.89,0.13,1770417295227,89.24
0.88,0.11,0.89,0.13,1770417295233,89.24
0.88,0.11,0.89,0.12,1770417295243,89.24
0.87,0.11,0.89,0.12,1770417295460,89.26
0.87,0.11,0.89,0.13,1770417295482,89.26
0.87,0.12,0.89,0.13,1770417296058,89.26
0.87,0.12,0.88,0.13,1770417296059,89.26
0.86,0.12,0.88,0.13,1770417296106,89.26
0.86,0.12,0.88,0.14,1770417296107,89.26
0.86,0.12,0.87,0.14,1770417296151,89.26
0.86,0.13,0.87,0.14,1770417296152,89.26
0.86,0.13,0.88,0.14,1770417296175,89.26
0.87,0.12,0.88,0.14,1770417296182,89.26
0.87,0.12,0.88,0.13,1770417296183,89.26
0.86,0.12,0.88,0.13,1770417296403,89.23
0.86,0.13,0.88,0.14,1770417296426,89.23
0.86,0.13,0.87,0.14,1770417296432,89.23
0.86,0.13,0.87,0.15,1770417297397,89.22
0.85,0.13,0.87,0.15,1770417297398,89.22
0.85,0.13,0.86,0.15,1770417297438,89.22
0.85,0.14,0.86,0.15,1770417297440,89.22
0.84,0.14,0.86,0.15,1770417297505,89.22
0.84,0.14,0.86,0.16,1770417297506,89.22
0.84,0.14,0.85,0.16,1770417297548,89.22
0.84,0.15,0.85,0.16,1770417297558,89.22
0.83,0.15,0.85,0.16,1770417297753,89.22
0.83,0.15,0.85,0.17,1770417297757,89.22
0.83,0.15,0.84,0.17,1770417297880,89.22
0.83,0.16,0.84,0.17,1770417297885,89.22
0.83,0.16,0.85,0.17,1770417300599,89.19
0.83,0.15,0.85,0.17,1770417300601,89.19
0.84,0.15,0.85,0.17,1770417300606,89.19
0.84,0.15,0.85,0.16,1770417300611,89.19
0.84,0.14,0.85,0.16,1770417301900,89.18
0.85,0.14,0.86,0.16,1770417301901,89.18
0.85,0.14,0.86,0.15,1770417301902,89.18
0.84,0.14,0.86,0.15,1770417302117,89.18
0.84,0.14,0.86,0.16,1770417302135,89.18
0.84,0.14,0.85,0.16,1770417302148,89.18
0.84,0.15,0.85,0.16,1770417302160,89.18
0.84,0.14,0.85,0.16,1770417302673,89.19
0.84,0.14,0.86,0.16,1770417302674,89.19
0.85,0.14,0.86,0.16,1770417302698,89.19
0.85,0.14,0.86,0.15,1770417302702,89.19
0.84,0.14,0.86,0.15,1770417302874,89.19
0.84,0.14,0.86,0.16,1770417302875,89.19
0.84,0.14,0.85,0.16,1770417302913,89.19
0.84,0.15,0.85,0.16,1770417302914,89.19
0.85,0.15,0.86,0.16,1770417303823,89.16
0.85,0.14,0.86,0.15,1770417303824,89.16
0.83,0.14,0.86,0.15,1770417306615,89.15
0.83,0.14,0.86,0.17,1770417306632,89.15
0.83,0.15,0.86,0.17,1770417306633,89.15
0.83,0.15,0.85,0.17,1770417306641,89.15
0.83,0.16,0.84,0.17,1770417306642,89.15
0.8,0.16,0.84,0.17,1770417306908,89.15
0.8,0.16,0.84,0.2,1770417306910,89.15
0.8,0.17,0.84,0.2,1770417306931,89.15
0.8,0.17,0.83,0.2,1770417306932,89.15
0.8,0.18,0.83,0.2,1770417306957,89.15
0.8,0.19,0.82,0.2,1770417306958,89.15
0.8,0.19,0.81,0.2,1770417306959,89.15
0.77,0.19,0.81,0.2,1770417307554,89.08
0.77,0.19,0.81,0.23,1770417307556,89.08
0.77,0.2,0.81,0.23,1770417307560,89.08
0.77,0.2,0.8,0.23,1770417307562,89.08
0.77,0.21,0.8,0.23,1770417307614,89.08
0.77,0.21,0.79,0.23,1770417307615,89.08
0.77,0.22,0.78,0.23,1770417307616,89.08
0.77,0.21,0.78,0.23,1770417308142,89.08
0.78,0.21,0.79,0.23,1770417308156,89.08
0.78,0.21,0.79,0.22,1770417308163,89.08
0.78,0.2,0.79,0.22,1770417309863,89.1
0.78,0.2,0.8,0.22,1770417309864,89.1
0.79,0.2,0.8,0.22,1770417309872,89.1
0.79,0.2,0.8,0.21,1770417309873,89.1
0.79,0.19,0.8,0.21,1770417310348,89.12
0.79,0.19,0.81,0.21,1770417310349,89.12
0.8,0.19,0.81,0.21,1770417310352,89.12
0.8,0.19,0.81,0.2,1770417310353,89.12
0.8,0.18,0.81,0.2,1770417310514,89.12
0.81,0.18,0.82,0.2,1770417310524,89.12
0.81,0.18,0.82,0.19,1770417310525,89.12
0.81,0.17,0.82,0.19,1770417313453,89.14
0.81,0.17,0.83,0.19,1770417313454,89.14
0.82,0.17,0.83,0.19,1770417313460,89.14
0.82,0.17,0.83,0.18,1770417313471,89.14
0.82,0.16,0.83,0.18,1770417313858,89.14
0.82,0.16,0.84,0.18,1770417313862,89.14
0.83,0.16,0.84,0.18,1770417313869,89.14
0.83,0.16,0.84,0.17,1770417313878,89.14
0.83,0.15,0.84,0.17,1770417314399,89.18
0.83,0.15,0.85,0.17,1770417314403,89.18
0.84,0.15,0.85,0.17,1770417314406,89.18
0.84,0.15,0.85,0.16,1770417314411,89.18
0.84,0.14,0.85,0.16,1770417314985,89.18
0.84,0.14,0.86,0.16,1770417314987,89.18
0.85,0.14,0.86,0.16,1770417315005,89.18
0.85,0.14,0.86,0.15,1770417315018,89.18
0.84,0.14,0.86,0.15,1770417315215,89.18
0.84,0.14,0.86,0.16,1770417315238,89.18
0.85,0.14,0.86,0.16,1770417315263,89.18
0.85,0.14,0.86,0.15,1770417315264,89.18
0.84,0.14,0.86,0.15,1770417315279,89.18
0.84,0.14,0.86,0.16,1770417315280,89.18
0.85,0.14,0.86,0.16,1770417315338,89.18
0.85,0.14,0.86,0.15,1770417315339,89.18
0.85,0.14,0.87,0.15,1770417318129,89.21
0.86,0.13,0.87,0.15,1770417318138,89.21
0.86,0.13,0.87,0.14,1770417318139,89.21
0.86,0.12,0.87,0.14,1770417319653,89.24
0.86,0.12,0.88,0.14,1770417319658,89.24
0.87,0.12,0.88,0.14,1770417319660,89.24
0.87,0.11,0.88,0.13,1770417319670,89.24
0.87,0.11,0.89,0.13,1770417319671,89.24
0.88,0.11,0.89,0.13,1770417319679,89.24
0.88,0.11,0.89,0.12,1770417319680,89.24
0.86,0.11,0.89,0.12,1770417320075,89.24
0.86,0.11,0.89,0.14,1770417320076,89.24
0.85,0.11,0.89,0.14,1770417320079,89.24
0.85,0.12,0.89,0.15,1770417320080,89.24
0.85,0.12,0.88,0.15,1770417320083,89.24
0.85,0.13,0.88,0.15,1770417320129,89.24
0.86,0.13,0.87,0.15,1770417320131,89.24
0.86,0.13,0.87,0.14,1770417320145,89.24
0.85,0.13,0.87,0.14,1770417320172,89.24
0.85,0.13,0.87,0.15,1770417320173,89.24
0.85,0.14,0.87,0.15,1770417320216,89.24
0.85,0.14,0.86,0.15,1770417320217,89.24
0.84,0.14,0.86,0.15,1770417320366,89.2
0.84,0.15,0.86,0.16,1770417320395,89.2
0.84,0.15,0.85,0.16,1770417320396,89.2
0.83,0.15,0.85,0.16,1770417320624,89.2
0.83,0.15,0.85,0.17,1770417320626,89.2
0.82,0.15,0.85,0.17,1770417320631,89.2
0.82,0.15,0.85,0.18,1770417320632,89.2
0.82,0.16,0.85,0.18,1770417320649,89.2
0.82,0.16,0.84,0.18,1770417320650,89.2
0.82,0.17,0.84,0.18,1770417320750,89.2
0.82,0.17,0.83,0.18,1770417320754,89.2
0.82,0.16,0.83,0.18,1770417321359,89.16
0.83,0.16,0.84,0.17,1770417321360,89.16
0.83,0.15,0.84,0.17,1770417321444,89.16
0.83,0.15,0.85,0.17,1770417321445,89.16
0.84,0.15,0.85,0.17,1770417321448,89.16
0.84,0.15,0.85,0.16,1770417321450,89.16
0.84,0.14,0.85,0.16,1770417322588,89.19
0.84,0.14,0.86,0.16,1770417322589,89.19
0.85,0.14,0.86,0.16,1770417322594,89.19
0.85,0.14,0.86,0.15,1770417322599,89.19
0.84,0.14,0.86,0.15,1770417322823,89.19
0.84,0.14,0.86,0.16,1770417322846,89.19
0.84,0.14,0.85,0.16,1770417322849,89.19
0.84,0.15,0.85,0.16,1770417322850,89.19
0.84,0.11,0.85,0.16,1770417324714,89.21
0.85,0.11,0.89,0.16,1770417324715,89.21
0.85,0.11,0.89,0.15,1770417324716,89.21
0.85,0.11,0.89,0.14,1770417324763,89.21
0.86,0.11,0.89,0.14,1770417324769,89.21
0.87,0.11,0.89,0.14,1770417324773,89.21
0.88,0.11,0.89,0.12,1770417324774,89.21
0.89,0.11,0.9,0.12,1770417329632,89.3
0.89,0.1,0.9,0.11,1770417329633,89.3
0.89,0.09,0.9,0.11,1770417329709,89.3
0.89,0.09,0.91,0.11,1770417329711,89.3
0.9,0.09,0.91,0.11,1770417329721,89.3
0.9,0.09,0.91,0.1,1770417329722,89.3
0.89,0.09,0.91,0.1,1770417330407,89.29
0.89,0.09,0.91,0.11,1770417330408,89.29
0.89,0.09,0.9,0.11,1770417330426,89.29
0.89,0.1,0.9,0.11,1770417330427,89.29
0.89,0.1,0.91,0.11,1770417330642,89.29
0.89,0.09,0.91,0.11,1770417330643,89.29
0.9,0.09,0.91,0.11,1770417330657,89.29
0.9,0.09,0.91,0.1,1770417330663,89.29
0.9,0.1,0.91,0.11,1770417330687,89.29
0.89,0.1,0.9,0.11,1770417330688,89.29
0.89,0.09,0.9,0.11,1770417330742,89.29
0.9,0.09,0.91,0.11,1770417330756,89.29
0.89,0.09,0.91,0.1,1770417330766,89.29
0.9,0.09,0.91,0.11,1770417330767,89.29
0.9,0.09,0.91,0.1,1770417330772,89.29
0.9,0.1,0.91,0.11,1770417330851,89.29
0.89,0.1,0.9,0.11,1770417330852,89.29
0.89,0.09,0.9,0.11,1770417330910,89.29
0.89,0.09,0.91,0.11,1770417330913,89.29
0.9,0.09,0.91,0.11,1770417330916,89.29
0.9,0.09,0.91,0.1,1770417330917,89.29
0.9,0.08,0.91,0.1,1770417332738,89.32
0.91,0.08,0.92,0.1,1770417332741,89.32
0.91,0.08,0.92,0.09,1770417332750,89.32
0.91,0.07,0.92,0.09,1770417334462,89.3
0.92,0.07,0.93,0.08,1770417334463,89.3
0.92,0.06,0.93,0.08,1770417335903,89.34
0.92,0.06,0.94,0.08,1770417335904,89.34
0.93,0.06,0.94,0.08,1770417335939,89.34
0.93,0.06,0.94,0.07,1770417335940,89.34
0.92,0.06,0.94,0.07,1770417337013,89.35
0.92,0.06,0.94,0.08,1770417337015,89.35
0.92,0.07,0.94,0.08,1770417337138,89.35
0.92,0.07,0.93,0.08,1770417337156,89.35
0.93,0.07,0.94,0.08,1770417338332,89.4
0.93,0.06,0.94,0.07,1770417338333,89.4
0.93,0.05,0.94,0.07,1770417339215,89.4
0.93,0.05,0.95,0.07,1770417339238,89.4
0.94,0.05,0.95,0.07,1770417339239,89.4
0.94,0.05,0.95,0.06,1770417339240,89.4
0.93,0.05,0.95,0.06,1770417352770,89.43
0.93,0.06,0.95,0.07,1770417352776,89.43
0.93,0.06,0.94,0.07,1770417352786,89.43
0.93,0.05,0.94,0.07,1770417352971,89.43
0.93,0.06,0.95,0.07,1770417352980,89.43
0.93,0.06,0.94,0.07,1770417352994,89.43
0.93,0.04,0.94,0.07,1770417356402,89.41
0.94,0.04,0.96,0.07,1770417356426,89.41
0.94,0.04,0.96,0.06,1770417356427,89.41
0.95,0.04,0.96,0.06,1770417356455,89.41
0.95,0.04,0.96,0.05,1770417356456,89.41
0.94,0.04,0.96,0.05,1770417358151,89.41
0.94,0.04,0.96,0.06,1770417358153,89.41
0.95,0.04,0.96,0.06,1770417358190,89.41
0.95,0.04,0.96,0.05,1770417358204,89.41
0.94,0.04,0.96,0.05,1770417358230,89.41
0.94,0.04,0.96,0.06,1770417358232,89.41
0.95,0.04,0.96,0.06,1770417358273,89.41
0.95,0.04,0.96,0.05,1770417358327,89.41
0.95,0.05,0.96,0.06,1770417358465,89.41
0.94,0.05,0.95,0.06,1770417358481,89.41
0.94,0.04,0.95,0.06,1770417358516,89.41
0.94,0.04,0.96,0.06,1770417358525,89.41
0.94,0.05,0.96,0.06,1770417358757,89.41
0.94,0.05,0.95,0.06,1770417358784,89.41
0.93,0.05,0.95,0.06,1770417359788,89.39
0.93,0.05,0.95,0.07,1770417359797,89.39
0.93,0.06,0.95,0.07,1770417359822,89.39
0.93,0.06,0.94,0.07,1770417359823,89.39
0.93,0.05,0.94,0.07,1770417361208,89.36
0.93,0.05,0.95,0.07,1770417361228,89.36
0.94,0.05,0.95,0.07,1770417361251,89.36
0.94,0.05,0.95,0.06,1770417361271,89.36
0.93,0.05,0.95,0.06,1770417362058,89.36
0.93,0.05,0.95,0.07,1770417362064,89.36
0.94,0.05,0.95,0.07,1770417362120,89.36
0.94,0.05,0.95,0.06,1770417362121,89.36
0.93,0.05,0.95,0.06,1770417362222,89.36
0.94,0.05,0.95,0.07,1770417362225,89.36
0.94,0.05,0.95,0.06,1770417362235,89.36
0.93,0.05,0.95,0.06,1770417362594,89.37
0.93,0.05,0.95,0.07,1770417362618,89.37
0.93,0.06,0.95,0.07,1770417362703,89.37
0.93,0.06,0.94,0.07,1770417362726,89.37
0.92,0.06,0.94,0.07,1770417368681,89.31
0.92,0.07,0.94,0.08,1770417368692,89.31
0.92,0.07,0.93,0.08,1770417368703,89.31
0.91,0.07,0.93,0.08,1770417369636,89.27
0.91,0.07,0.92,0.09,1770417369659,89.27
0.91,0.08,0.92,0.09,1770417369660,89.27
0.9,0.08,0.92,0.09,1770417370195,89.27
0.9,0.09,0.92,0.1,1770417370196,89.27
0.9,0.09,0.91,0.1,1770417370201,89.27
0.9,0.08,0.91,0.1,1770417370412,89.27
0.9,0.08,0.92,0.1,1770417370495,89.27
0.91,0.08,0.92,0.1,1770417370516,89.27
0.91,0.08,0.92,0.09,1770417370517,89.27
0.9,0.08,0.92,0.09,1770417370543,89.27
0.9,0.08,0.92,0.1,1770417370544,89.27
0.9,0.09,0.92,0.1,1770417370554,89.27
0.9,0.09,0.91,0.1,1770417370556,89.27
0.9,0.08,0.91,0.1,1770417379622,89.27
0.9,0.08,0.92,0.1,1770417379626,89.27
0.9,0.08,0.92,0.09,1770417379717,89.27
0.91,0.08,0.92,0.09,1770417379719,89.27
0.91,0.08,0.92,0.1,1770417379891,89.27
0.9,0.08,0.92,0.1,1770417379893,89.27
0.91,0.08,0.92,0.1,1770417379936,89.27
0.9,0.08,0.92,0.09,1770417379969,89.27
0.9,0.08,0.92,0.1,1770417379976,89.27
0.91,0.08,0.92,0.1,1770417380015,89.27
0.91,0.08,0.92,0.09,1770417380016,89.27
0.9,0.08,0.92,0.09,1770417380126,89.27
0.9,0.08,0.92,0.1,1770417380153,89.27
0.91,0.08,0.92,0.1,1770417380299,89.27
0.91,0.08,0.92,0.09,1770417380324,89.27
0.91,0.07,0.92,0.09,1770417381870,89.29
0.91,0.07,0.93,0.09,1770417381889,89.29
0.91,0.07,0.93,0.08,1770417381915,89.29
0.92,0.07,0.93,0.08,1770417381916,89.29
0.92,0.07,0.93,0.09,1770417382124,89.29
0.91,0.07,0.93,0.09,1770417382131,89.29
0.91,0.07,0.93,0.08,1770417382168,89.29
0.92,0.07,0.93,0.08,1770417382175,89.29
0.92,0.07,0.93,0.09,1770417382196,89.29
0.91,0.07,0.93,0.09,1770417382262,89.29
0.91,0.08,0.93,0.09,1770417382327,89.29
0.91,0.08,0.92,0.09,1770417382372,89.3
0.9,0.08,0.92,0.09,1770417385227,89.29
0.9,0.08,0.92,0.1,1770417385228,89.29
0.9,0.09,0.92,0.1,1770417385258,89.29
0.9,0.09,0.91,0.1,1770417385271,89.29
0.9,0.08,0.91,0.1,1770417390006,89.27
0.9,0.08,0.92,0.1,1770417390007,89.27
0.91,0.08,0.92,0.1,1770417390027,89.27
0.91,0.08,0.92,0.09,1770417390029,89.27
0.91,0.07,0.92,0.09,1770417391039,89.31
0.91,0.07,0.93,0.09,1770417391041,89.31
0.92,0.07,0.93,0.09,1770417391066,89.31
0.92,0.07,0.93,0.08,1770417391068,89.31
0.92,0.06,0.93,0.08,1770417392014,89.34
0.92,0.06,0.94,0.08,1770417392015,89.34
0.93,0.06,0.94,0.08,1770417392037,89.34
0.93,0.06,0.94,0.07,1770417392039,89.34
0.93,0.05,0.94,0.07,1770417392592,89.41
0.93,0.05,0.95,0.07,1770417392602,89.41
0.94,0.05,0.95,0.07,1770417392616,89.41
0.94,0.05,0.95,0.06,1770417392617,89.41
0.94,0.04,0.95,0.06,1770417393345,89.44
0.94,0.04,0.96,0.06,1770417393350,89.44
0.95,0.04,0.96,0.06,1770417393363,89.44
0.95,0.04,0.96,0.05,1770417393368,89.44
0.95,0.03,0.96,0.05,1770417394386,89.44
0.95,0.03,0.97,0.05,1770417394402,89.44
0.96,0.03,0.97,0.05,1770417394424,89.44
0.96,0.03,0.97,0.04,1770417394425,89.44
0.95,0.03,0.97,0.04,1770417394811,89.44
0.95,0.03,0.97,0.05,1770417394812,89.44
0.95,0.03,0.96,0.05,1770417394913,89.44
0.95,0.04,0.96,0.05,1770417394929,89.44
0.94,0.04,0.96,0.05,1770417395503,89.38
0.94,0.04,0.96,0.06,1770417395504,89.38
0.95,0.04,0.96,0.06,1770417395772,89.38
0.95,0.04,0.96,0.05,1770417395797,89.38
0.94,0.04,0.96,0.05,1770417395808,89.38
0.94,0.04,0.96,0.06,1770417395823,89.38
0.95,0.04,0.96,0.06,1770417395844,89.38
0.95,0.04,0.96,0.05,1770417395848,89.38
0.95,0.03,0.96,0.05,1770417398554,89.47
0.95,0.03,0.97,0.05,1770417398584,89.47
0.96,0.03,0.97,0.05,1770417398586,89.47
0.96,0.03,0.97,0.04,1770417398587,89.47
0.95,0.03,0.97,0.04,1770417399736,89.45
0.95,0.03,0.97,0.05,1770417399753,89.45
0.95,0.04,0.97,0.05,1770417399827,89.45
0.95,0.04,0.96,0.05,1770417399837,89.45
0.95,0.03,0.96,0.05,1770417400962,89.42
0.95,0.03,0.97,0.05,1770417400963,89.42
0.96,0.03,0.97,0.05,1770417401004,89.42
0.96,0.03,0.97,0.04,1770417401006,89.42
0.95,0.03,0.97,0.04,1770417401798,89.42
0.95,0.03,0.97,0.05,1770417401822,89.42
0.96,0.03,0.97,0.05,1770417401852,89.42
0.96,0.03,0.97,0.04,1770417401856,89.42
0.95,0.03,0.97,0.04,1770417401886,89.42
0.95,0.03,0.97,0.05,1770417401891,89.42
0.96,0.03,0.97,0.05,1770417401967,89.42
0.96,0.03,0.97,0.04,1770417401981,89.42
0.95,0.03,0.97,0.04,1770417402003,89.42
0.95,0.03,0.97,0.05,1770417402007,89.42
0.96,0.03,0.97,0.05,1770417402049,89.42
0.96,0.03,0.97,0.04,1770417402053,89.42
0.95,0.03,0.97,0.04,1770417402629,89.42
0.95,0.03,0.97,0.05,1770417402630,89.42
0.95,0.04,0.97,0.05,1770417402640,89.42
0.95,0.04,0.96,0.05,1770417402651,89.42
0.94,0.04,0.96,0.05,1770417408452,89.41
0.94,0.04,0.96,0.06,1770417408453,89.41
0.94,0.05,0.96,0.06,1770417408494,89.41
0.94,0.05,0.95,0.06,1770417408498,89.41
0.93,0.05,0.95,0.06,1770417413038,89.32
0.93,0.06,0.95,0.07,1770417413041,89.32
0.93,0.06,0.94,0.07,1770417413050,89.32
0.93,0.06,0.94,0.08,1770417413603,89.29
0.92,0.06,0.94,0.08,1770417413604,89.29
0.92,0.06,0.93,0.08,1770417413635,89.29
0.92,0.07,0.93,0.08,1770417413637,89.29
0.92,0.06,0.93,0.08,1770417413895,89.29
0.92,0.06,0.94,0.08,1770417413904,89.29
0.92,0.07,0.94,0.08,1770417413937,89.29
0.92,0.07,0.93,0.08,1770417413940,89.29
0.92,0.06,0.93,0.08,1770417414074,89.29
0.92,0.06,0.94,0.08,1770417414077,89.29
0.92,0.07,0.94,0.08,1770417414184,89.29
0.92,0.07,0.93,0.08,1770417414189,89.29
0.92,0.06,0.93,0.08,1770417414584,89.3
0.92,0.06,0.94,0.08,1770417414603,89.3
0.92,0.07,0.94,0.08,1770417414630,89.3
0.92,0.07,0.93,0.08,1770417414631,89.3
0.92,0.06,0.93,0.08,1770417414680,89.3
0.92,0.06,0.94,0.08,1770417414681,89.3
0.92,0.07,0.94,0.08,1770417414721,89.3
0.92,0.07,0.93,0.08,1770417414732,89.3
0.92,0.06,0.93,0.08,1770417414761,89.3
0.92,0.06,0.94,0.08,1770417414779,89.3
0.92,0.07,0.94,0.08,1770417415525,89.3
0.92,0.07,0.93,0.08,1770417415543,89.3
0.92,0.05,0.93,0.08,1770417416784,89.3
0.92,0.05,0.95,0.08,1770417416786,89.3
0.92,0.07,0.95,0.08,1770417416917,89.3
0.92,0.07,0.93,0.08,1770417416934,89.3
0.92,0.06,0.93,0.08,1770417417437,89.3
0.92,0.06,0.94,0.08,1770417417467,89.3
0.93,0.06,0.94,0.08,1770417417485,89.3
0.93,0.06,0.94,0.07,1770417417487,89.3
0.92,0.06,0.94,0.07,1770417419053,89.31
0.92,0.06,0.94,0.08,1770417419081,89.31
0.92,0.07,0.94,0.08,1770417419498,89.31
0.92,0.07,0.93,0.08,1770417419526,89.31
0.92,0.06,0.93,0.08,1770417420463,89.3
0.92,0.06,0.94,0.08,1770417420464,89.3
0.93,0.06,0.94,0.08,1770417420501,89.3
0.93,0.06,0.94,0.07,1770417420503,89.3
0.92,0.06,0.94,0.07,1770417420574,89.3
0.92,0.06,0.94,0.08,1770417420579,89.3
0.93,0.06,0.94,0.08,1770417420723,89.3
0.93,0.06,0.94,0.07,1770417420735,89.3
0.93,0.05,0.94,0.07,1770417421275,89.3
0.93,0.05,0.95,0.07,1770417421303,89.3
0.94,0.05,0.95,0.07,1770417421315,89.33
0.94,0.05,0.95,0.06,1770417421316,89.33
0.94,0.04,0.95,0.06,1770417423712,89.34
0.94,0.04,0.96,0.06,1770417423723,89.34
0.95,0.04,0.96,0.06,1770417423740,89.34
0.95,0.04,0.96,0.05,1770417423744,89.34
0.94,0.04,0.96,0.05,1770417423944,89.34
0.94,0.04,0.96,0.06,1770417423945,89.34
0.95,0.04,0.96,0.06,1770417423947,89.34
0.95,0.04,0.96,0.05,1770417423948,89.34
0.94,0.04,0.96,0.05,1770417423980,89.34
0.94,0.04,0.96,0.06,1770417423981,89.34
0.94,0.05,0.96,0.06,1770417424109,89.34
0.94,0.05,0.95,0.06,1770417424122,89.34
0.93,0.05,0.95,0.06,1770417425016,89.34
0.93,0.05,0.95,0.07,1770417425017,89.34
0.93,0.06,0.95,0.07,1770417425106,89.34
0.93,0.06,0.94,0.07,1770417425110,89.34
0.92,0.06,0.94,0.07,1770417425705,89.33
0.92,0.06,0.94,0.08,1770417425706,89.33
0.92,0.07,0.94,0.08,1770417425865,89.33
0.92,0.07,0.93,0.08,1770417425888,89.33
0.92,0.06,0.93,0.08,1770417426643,89.31
0.92,0.06,0.94,0.08,1770417426677,89.31
0.92,0.07,0.94,0.08,1770417427054,89.31
0.92,0.07,0.93,0.08,1770417427055,89.31
0.93,0.07,0.94,0.08,1770417428046,89.31
0.93,0.06,0.94,0.07,1770417428048,89.31
0.92,0.06,0.94,0.07,1770417428268,89.31
0.92,0.06,0.94,0.08,1770417428269,89.31
0.93,0.06,0.94,0.08,1770417428279,89.31
0.93,0.06,0.94,0.07,1770417428280,89.31
0.93,0.05,0.94,0.07,1770417430717,89.32
0.93,0.05,0.95,0.07,1770417430718,89.32
0.94,0.05,0.95,0.07,1770417430738,89.32
0.94,0.05,0.95,0.06,1770417430739,89.32
0.93,0.05,0.95,0.06,1770417432177,89.33
0.93,0.05,0.95,0.07,1770417432180,89.33
0.93,0.06,0.95,0.07,1770417432500,89.33
0.93,0.06,0.94,0.07,1770417432506,89.33
0.92,0.06,0.94,0.07,1770417434251,89.32
0.92,0.06,0.94,0.08,1770417434252,89.32
0.92,0.07,0.94,0.08,1770417434290,89.32
0.92,0.07,0.93,0.08,1770417434295,89.32
0.91,0.07,0.93,0.08,1770417448448,89.27
0.91,0.07,0.93,0.09,1770417448451,89.27
0.91,0.08,0.93,0.09,1770417448556,89.27
0.91,0.08,0.92,0.09,1770417448566,89.27
0.91,0.07,0.92,0.09,1770417450029,89.27
0.91,0.07,0.93,0.09,1770417450030,89.27
0.91,0.08,0.93,0.09,1770417450144,89.27
0.91,0.08,0.92,0.09,1770417450149,89.27
0.9,0.08,0.92,0.09,1770417451558,89.25
0.9,0.08,0.92,0.1,1770417451559,89.25
0.9,0.09,0.92,0.1,1770417451593,89.25
0.9,0.09,0.91,0.1,1770417451610,89.25
0.9,0.09,0.91,0.11,1770417452381,89.19
0.89,0.1,0.91,0.11,1770417452390,89.19
0.89,0.1,0.9,0.11,1770417452397,89.19
0.88,0.1,0.9,0.11,1770417459208,89.21
0.88,0.1,0.9,0.12,1770417459209,89.21
0.89,0.1,0.9,0.11,1770417459210,89.21
0.88,0.1,0.9,0.11,1770417459743,89.2
0.88,0.1,0.9,0.12,1770417459778,89.2
0.89,0.1,0.9,0.12,1770417459780,89.2
0.89,0.1,0.9,0.11,1770417459790,89.2
0.88,0.1,0.9,0.11,1770417459906,89.2
0.88,0.1,0.9,0.12,1770417459907,89.2
0.89,0.1,0.9,0.12,1770417460026,89.2
0.89,0.1,0.9,0.11,1770417460027,89.2
0.88,0.1,0.9,0.11,1770417460146,89.2
0.88,0.1,0.9,0.12,1770417460147,89.2
0.89,0.1,0.9,0.12,1770417460281,89.2
0.89,0.1,0.9,0.11,1770417460287,89.2
0.88,0.1,0.9,0.11,1770417460398,89.19
0.88,0.1,0.9,0.12,1770417460399,89.19
0.89,0.1,0.9,0.12,1770417460519,89.19
0.89,0.1,0.9,0.11,1770417460526,89.19
0.88,0.1,0.9,0.11,1770417460661,89.19
0.88,0.1,0.9,0.12,1770417460663,89.19
0.89,0.1,0.9,0.12,1770417460837,89.19
0.89,0.1,0.9,0.11,1770417460838,89.19
0.88,0.1,0.9,0.11,1770417460970,89.19
0.88,0.1,0.9,0.12,1770417460979,89.19
0.89,0.1,0.9,0.12,1770417461106,89.19
0.89,0.1,0.9,0.11,1770417461120,89.19
0.88,0.1,0.9,0.11,1770417461220,89.19
0.88,0.1,0.9,0.12,1770417461221,89.19
0.88,0.11,0.9,0.12,1770417461411,89.2
0.88,0.11,0.89,0.12,1770417461435,89.2
0.88,0.1,0.89,0.12,1770417464065,89.2
0.88,0.1,0.9,0.12,1770417464066,89.2
0.89,0.1,0.9,0.12,1770417464086,89.2
0.89,0.1,0.9,0.11,1770417464087,89.2
0.89,0.09,0.9,0.11,1770417464215,89.2
0.89,0.09,0.91,0.11,1770417464218,89.2
0.89,0.1,0.91,0.11,1770417464342,89.21
0.89,0.1,0.9,0.11,1770417464348,89.21
0.89,0.09,0.9,0.11,1770417464403,89.21
0.89,0.09,0.91,0.11,1770417464429,89.21
0.89,0.1,0.91,0.11,1770417464444,89.21
0.89,0.1,0.9,0.11,1770417464445,89.21
0.89,0.09,0.9,0.11,1770417464601,89.21
0.89,0.09,0.91,0.11,1770417464623,89.21
0.89,0.1,0.91,0.11,1770417464648,89.21
0.89,0.1,0.9,0.11,1770417464649,89.21
0.89,0.09,0.9,0.11,1770417464673,89.21
0.89,0.09,0.91,0.11,1770417464674,89.21
0.89,0.1,0.91,0.11,1770417465365,89.21
0.89,0.1,0.9,0.11,1770417465377,89.21
0.89,0.09,0.9,0.11,1770417465815,89.21
0.89,0.09,0.91,0.11,1770417465826,89.21
0.89,0.1,0.91,0.11,1770417465856,89.21
0.89,0.1,0.9,0.11,1770417465857,89.21
0.89,0.09,0.9,0.11,1770417465921,89.21
0.89,0.09,0.91,0.11,1770417465927,89.21
0.89,0.1,0.91,0.11,1770417465959,89.21
0.89,0.1,0.9,0.11,1770417465970,89.21
0.89,0.09,0.9,0.11,1770417466164,89.21
0.89,0.09,0.91,0.11,1770417466165,89.21
0.89,0.1,0.91,0.11,1770417466232,89.21
0.89,0.1,0.9,0.11,1770417466233,89.21
0.89,0.09,0.9,0.11,1770417466415,89.21
0.89,0.09,0.91,0.11,1770417466490,89.21
0.9,0.09,0.91,0.11,1770417466597,89.21
0.9,0.09,0.91,0.1,1770417466598,89.21
0.9,0.08,0.91,0.1,1770417466922,89.21
0.9,0.08,0.92,0.1,1770417466923,89.21
0.9,0.09,0.92,0.1,1770417467560,89.21
0.9,0.09,0.91,0.1,1770417467582,89.21
0.9,0.08,0.91,0.1,1770417467782,89.21
0.9,0.08,0.92,0.1,1770417467783,89.21
0.91,0.08,0.92,0.1,1770417467820,89.21
0.91,0.08,0.92,0.09,1770417467821,89.21
0.91,0.07,0.92,0.09,1770417468832,89.22
0.91,0.07,0.93,0.09,1770417468853,89.22
0.92,0.07,0.93,0.09,1770417468858,89.22
0.92,0.07,0.93,0.08,1770417468859,89.22
0.92,0.06,0.93,0.08,1770417469319,89.27
0.92,0.06,0.94,0.08,1770417469322,89.27
0.93,0.06,0.94,0.08,1770417469345,89.27
0.93,0.06,0.94,0.07,1770417469348,89.27
0.92,0.06,0.94,0.07,1770417469479,89.27
0.92,0.06,0.94,0.08,1770417469481,89.27
0.92,0.07,0.94,0.08,1770417469529,89.27
0.92,0.07,0.93,0.08,1770417469556,89.27
0.92,0.06,0.93,0.08,1770417469728,89.27
0.92,0.06,0.94,0.08,1770417469733,89.27
0.93,0.06,0.94,0.08,1770417469758,89.27
0.93,0.06,0.94,0.07,1770417469769,89.27
0.92,0.06,0.94,0.07,1770417469876,89.27
0.92,0.06,0.94,0.08,1770417469877,89.27
0.93,0.06,0.94,0.08,1770417469893,89.27
0.93,0.06,0.94,0.07,1770417469909,89.27
0.93,0.05,0.94,0.07,1770417471852,89.28
0.94,0.05,0.95,0.07,1770417471878,89.28
0.94,0.05,0.95,0.06,1770417471897,89.28
0.94,0.04,0.95,0.06,1770417473392,89.34
0.94,0.04,0.96,0.06,1770417473402,89.34
0.95,0.04,0.96,0.06,1770417473418,89.34
0.95,0.04,0.96,0.05,1770417473422,89.34
0.94,0.04,0.96,0.05,1770417475415,89.33
0.94,0.04,0.96,0.06,1770417475437,89.33
0.95,0.04,0.96,0.06,1770417475439,89.33
0.95,0.04,0.96,0.05,1770417475440,89.33
0.95,0.03,0.96,0.05,1770417476115,89.33
0.95,0.03,0.97,0.05,1770417476132,89.33
0.96,0.03,0.97,0.05,1770417476153,89.33
0.96,0.03,0.97,0.04,1770417476154,89.33
0.95,0.03,0.97,0.04,1770417477030,89.38
0.95,0.03,0.97,0.05,1770417477040,89.38
0.96,0.03,0.97,0.05,1770417477056,89.38
0.96,0.03,0.97,0.04,1770417477062,89.38
0.95,0.03,0.97,0.04,1770417477507,89.38
0.95,0.04,0.97,0.05,1770417477530,89.38
0.95,0.04,0.96,0.05,1770417477532,89.38
0.95,0.03,0.96,0.05,1770417477763,89.38
0.95,0.03,0.97,0.05,1770417477764,89.38
0.95,0.04,0.97,0.05,1770417477890,89.38
0.95,0.04,0.96,0.05,1770417477990,89.38
0.95,0.03,0.96,0.05,1770417478353,89.38
0.95,0.03,0.97,0.05,1770417478382,89.38
0.96,0.03,0.97,0.05,1770417478392,89.38
0.96,0.03,0.97,0.04,1770417478430,89.38
0.95,0.03,0.97,0.04,1770417478591,89.38
0.95,0.03,0.97,0.05,1770417478617,89.38
0.96,0.03,0.97,0.05,1770417478668,89.38
0.96,0.03,0.97,0.04,1770417478679,89.38
0.961,0.03,0.97,0.04,1770417485516,89.45
0.961,0.03,0.97,0.039,1770417485523,89.45
0.962,0.03,0.97,0.039,1770417485538,89.45
0.962,0.03,0.97,0.038,1770417485539,89.45
0.963,0.03,0.97,0.038,1770417485563,89.45
0.963,0.03,0.97,0.037,1770417485564,89.45
0.964,0.03,0.97,0.037,1770417485588,89.45
0.964,0.03,0.97,0.036,1770417485589,89.45
0.965,0.03,0.97,0.036,1770417485667,89.45
0.965,0.03,0.97,0.035,1770417485688,89.45
0.964,0.03,0.97,0.035,1770417485716,89.45
0.964,0.03,0.97,0.036,1770417485717,89.45
0.965,0.03,0.97,0.036,1770417485779,89.45
0.965,0.03,0.97,0.035,1770417485802,89.45
0.966,0.03,0.97,0.035,1770417485805,89.45
0.966,0.03,0.97,0.034,1770417485813,89.45
0.967,0.03,0.97,0.034,1770417485876,89.45
0.967,0.03,0.97,0.033,1770417485878,89.45
0.968,0.03,0.97,0.033,1770417485951,89.45
0.968,0.03,0.97,0.032,1770417486015,89.45
0.969,0.03,0.97,0.032,1770417486023,89.45
0.969,0.021,0.97,0.031,1770417486032,89.45
0.969,0.021,0.979,0.031,1770417486035,89.45
0.97,0.021,0.979,0.031,1770417486105,89.45
0.97,0.021,0.979,0.03,1770417486107,89.45
0.971,0.021,0.979,0.03,1770417486177,89.45
0.971,0.021,0.979,0.029,1770417486178,89.45
0.972,0.021,0.979,0.029,1770417486252,89.45
0.972,0.021,0.979,0.028,1770417486261,89.45
0.973,0.021,0.979,0.028,1770417486324,89.53
0.973,0.021,0.979,0.027,1770417486325,89.53
0.974,0.021,0.979,0.027,1770417486407,89.53
0.974,0.02,0.979,0.026,1770417486548,89.53
0.974,0.02,0.98,0.026,1770417486549,89.53
0.975,0.02,0.98,0.026,1770417486554,89.53
0.975,0.02,0.98,0.025,1770417486571,89.53
0.976,0.02,0.98,0.025,1770417486669,89.53
0.976,0.02,0.98,0.024,1770417486676,89.53
0.977,0.02,0.98,0.024,1770417486741,89.53
0.977,0.02,0.98,0.023,1770417486743,89.53
0.978,0.02,0.98,0.023,1770417486818,89.53
0.978,0.02,0.98,0.022,1770417486823,89.53
0.979,0.02,0.98,0.022,1770417487151,89.53
0.979,0.02,0.98,0.021,1770417487152,89.53
0.977,0.02,0.98,0.021,1770417487180,89.53
0.978,0.02,0.98,0.023,1770417487228,89.53
0.978,0.02,0.98,0.022,1770417487242,89.53
0.979,0.02,0.98,0.022,1770417487296,89.54
0.979,0.02,0.98,0.021,1770417487513,89.54
0.978,0.02,0.98,0.021,1770417487519,89.54
0.978,0.02,0.98,0.022,1770417487520,89.54
0.979,0.02,0.98,0.022,1770417487597,89.54
0.979,0.02,0.98,0.021,1770417487646,89.54
0.975,0.02,0.98,0.021,1770417488951,89.55
0.975,0.02,0.98,0.025,1770417488952,89.55
0.978,0.02,0.98,0.025,1770417488964,89.55
0.978,0.02,0.98,0.022,1770417488965,89.55
0.975,0.02,0.98,0.022,1770417488992,89.55
0.975,0.02,0.98,0.025,1770417488994,89.55
0.97,0.02,0.98,0.025,1770417488999,89.55
0.974,0.02,0.98,0.03,1770417489012,89.55
0.974,0.02,0.98,0.026,1770417489021,89.55
0.975,0.02,0.98,0.026,1770417489079,89.55
0.975,0.02,0.98,0.025,1770417489133,89.55
0.973,0.02,0.98,0.025,1770417489209,89.55
0.973,0.02,0.98,0.027,1770417489210,89.55
0.974,0.02,0.98,0.027,1770417489213,89.55
0.974,0.02,0.98,0.026,1770417489225,89.55
0.975,0.02,0.98,0.026,1770417489283,89.55
0.975,0.02,0.98,0.025,1770417489284,89.55
0.973,0.02,0.98,0.025,1770417489307,89.54
0.973,0.02,0.98,0.027,1770417489316,89.54
0.974,0.02,0.98,0.027,1770417489361,89.54
0.975,0.02,0.98,0.026,1770417489441,89.54
0.975,0.02,0.98,0.025,1770417489442,89.54
0.973,0.02,0.98,0.025,1770417489493,89.54
0.974,0.02,0.98,0.027,1770417489540,89.54
0.974,0.02,0.98,0.026,1770417489659,89.54
0.975,0.02,0.98,0.025,1770417489708,89.54
0.973,0.02,0.98,0.025,1770417489723,89.54
0.974,0.02,0.98,0.027,1770417489735,89.54
0.974,0.02,0.98,0.026,1770417489833,89.54
0.975,0.02,0.98,0.026,1770417489904,89.54
0.975,0.02,0.98,0.025,1770417489905,89.54
0.973,0.02,0.98,0.025,1770417490221,89.54
0.974,0.02,0.98,0.027,1770417490227,89.54
0.974,0.02,0.98,0.026,1770417490276,89.54
0.973,0.02,0.98,0.026,1770417490296,89.54
0.975,0.02,0.98,0.027,1770417490298,89.54
0.975,0.02,0.98,0.025,1770417490306,89.54
0.976,0.02,0.98,0.025,1770417490387,89.53
0.974,0.02,0.98,0.024,1770417490398,89.53
0.974,0.02,0.98,0.026,1770417490399,89.53
0.975,0.02,0.98,0.026,1770417490451,89.53
0.975,0.02,0.98,0.025,1770417490452,89.53
0.976,0.02,0.98,0.025,1770417490584,89.53
0.976,0.02,0.98,0.024,1770417490585,89.53
0.977,0.02,0.98,0.024,1770417490604,89.53
0.977,0.02,0.98,0.023,1770417490626,89.53
0.978,0.02,0.98,0.023,1770417490630,89.53
0.978,0.02,0.98,0.022,1770417490662,89.53
0.979,0.02,0.98,0.022,1770417490664,89.53
0.979,0.02,0.98,0.021,1770417490676,89.53
0.977,0.02,0.98,0.021,1770417490754,89.53
0.978,0.02,0.98,0.023,1770417490756,89.53
0.978,0.02,0.98,0.022,1770417490790,89.53
0.979,0.02,0.98,0.022,1770417490849,89.53
0.979,0.02,0.98,0.021,1770417490871,89.53
0.977,0.02,0.98,0.021,1770417490881,89.53
0.977,0.02,0.98,0.023,1770417490912,89.53
0.978,0.02,0.98,0.023,1770417490926,89.53
0.978,0.02,0.98,0.022,1770417490927,89.53
0.979,0.02,0.98,0.022,1770417490953,89.53
0.979,0.02,0.98,0.021,1770417490973,89.53
0.978,0.02,0.98,0.021,1770417494475,89.56
0.977,0.02,0.98,0.022,1770417494489,89.56
0.978,0.02,0.98,0.023,1770417494550,89.56
0.978,0.02,0.98,0.022,1770417494564,89.56
0.979,0.02,0.98,0.022,1770417494829,89.56
0.978,0.02,0.98,0.021,1770417494849,89.56
0.978,0.02,0.98,0.022,1770417494855,89.56
0.979,0.02,0.98,0.022,1770417494928,89.56
0.979,0.02,0.98,0.021,1770417495129,89.56
0.978,0.02,0.98,0.021,1770417495553,89.55
0.978,0.02,0.98,0.022,1770417495558,89.55
0.979,0.02,0.98,0.022,1770417495630,89.55
0.979,0.02,0.98,0.021,1770417495659,89.55
0.978,0.02,0.98,0.021,1770417499566,89.56
0.979,0.02,0.98,0.022,1770417499615,89.56
0.979,0.02,0.98,0.021,1770417499624,89.56
0.97,0.02,0.98,0.021,1770417501186,89.57
0.97,0.02,0.98,0.03,1770417501208,89.57
0.97,0.021,0.98,0.03,1770417501211,89.57
0.97,0.021,0.979,0.03,1770417501212,89.57
0.971,0.021,0.979,0.029,1770417501223,89.57
0.972,0.021,0.979,0.029,1770417501235,89.57
0.972,0.021,0.979,0.028,1770417501249,89.57
0.972,0.02,0.979,0.028,1770417501492,89.57
0.972,0.02,0.98,0.028,1770417501493,89.57
0.972,0.011,0.98,0.028,1770417503676,89.57
0.972,0.011,0.989,0.028,1770417503681,89.57
0.972,0.01,0.989,0.028,1770417503686,89.57
0.972,0.01,0.99,0.028,1770417503687,89.57
0.972,0.02,0.99,0.028,1770417503688,89.57
0.972,0.02,0.98,0.028,1770417503696,89.57
0.972,0.01,0.98,0.028,1770417503720,89.57
0.972,0.01,0.99,0.028,1770417503726,89.57
0.98,0.01,0.99,0.028,1770417503731,89.57
0.98,0.01,0.99,0.02,1770417503737,89.57
0.98,0.011,0.99,0.02,1770417505493,89.59
0.98,0.011,0.989,0.02,1770417505544,89.59
0.98,0.01,0.989,0.02,1770417505878,89.59
0.98,0.01,0.99,0.02,1770417505879,89.59
0.98,0.01,0.99,0.019,1770417532959,89.75
0.981,0.01,0.99,0.019,1770417532982,89.75
0.98,0.01,0.99,0.019,1770417539942,89.77
0.98,0.01,0.99,0.02,1770417539943,89.77
0.98,0.01,0.99,0.019,1770417664780,89.45
0.981,0.01,0.99,0.019,1770417664781,89.45
0.989,0.01,0.99,0.019,1770417664825,89.45
0.989,0.01,0.99,0.011,1770417664962,89.45
0.989,0.01,0.99,0.019,1770417667286,89.43
0.981,0.01,0.99,0.019,1770417667295,89.43
0.981,0.01,0.99,0.02,1770417667311,89.43
0.98,0.01,0.99,0.02,1770417667312,89.43
0.981,0.01,0.99,0.02,1770417678394,89.29
0.981,0.01,0.99,0.019,1770417678417,89.29
0.982,0.01,0.99,0.019,1770417678459,89.29
0.982,0.01,0.99,0.018,1770417678462,89.29
0.983,0.01,0.99,0.018,1770417678547,89.29
0.983,0.01,0.99,0.017,1770417678629,89.29
0.984,0.01,0.99,0.017,1770417678631,89.29
0.984,0.01,0.99,0.016,1770417678705,89.29
0.98,0.01,0.99,0.016,1770417678737,89.29
0.985,0.01,0.99,0.02,1770417678743,89.29
0.985,0.01,0.99,0.015,1770417678761,89.29
0.98,0.01,0.99,0.015,1770417678805,89.29
0.98,0.01,0.99,0.02,1770417678820,89.29
0.986,0.01,0.99,0.02,1770417678849,89.29
0.986,0.01,0.99,0.014,1770417678850,89.29
0.98,0.01,0.99,0.02,1770417678851,89.29
0.981,0.01,0.99,0.02,1770417678934,89.29
0.981,0.01,0.99,0.019,1770417678956,89.29
0.98,0.01,0.99,0.019,1770417678957,89.29
0.982,0.01,0.99,0.02,1770417678966,89.29
0.982,0.01,0.99,0.018,1770417679005,89.29
0.98,0.01,0.99,0.018,1770417679025,89.29
0.98,0.01,0.99,0.02,1770417679026,89.29
0.983,0.01,0.99,0.02,1770417679028,89.29
0.983,0.01,0.99,0.017,1770417679041,89.29
0.984,0.01,0.99,0.017,1770417679102,89.29
0.984,0.01,0.99,0.016,1770417679103,89.29
0.98,0.01,0.99,0.016,1770417679132,89.29
0.98,0.01,0.99,0.02,1770417679144,89.29
0.97,0.01,0.99,0.02,1770417681414,89.23
0.97,0.01,0.99,0.03,1770417681415,89.23
0.97,0.01,0.99,0.02,1770417682002,89.23
0.98,0.01,0.99,0.02,1770417682039,89.23
0.98,0.01,0.99,0.03,1770417682062,89.23
0.97,0.01,0.99,0.03,1770417682071,89.23
0.98,0.01,0.99,0.03,1770417682108,89.23
0.98,0.01,0.99,0.02,1770417682110,89.23
0.97,0.01,0.99,0.02,1770417682205,89.23
0.97,0.01,0.99,0.03,1770417682217,89.23
0.98,0.01,0.99,0.03,1770417682258,89.23
0.98,0.01,0.99,0.02,1770417682265,89.23
0.97,0.01,0.99,0.02,1770417682576,89.3
0.97,0.01,0.99,0.03,1770417682577,89.3
0.97,0.01,0.99,0.02,1770417682625,89.3
0.98,0.01,0.99,0.02,1770417682626,89.3
0.97,0.01,0.99,0.02,1770417683366,89.32
0.97,0.01,0.99,0.03,1770417683367,89.32
0.97,0.02,0.99,0.03,1770417683852,89.32
0.97,0.02,0.98,0.03,1770417683872,89.32
0.97,0.01,0.98,0.03,1770417684736,89.35
0.97,0.01,0.99,0.03,1770417684737,89.35
0.97,0.01,0.99,0.02,1770417684774,89.35
0.98,0.01,0.99,0.02,1770417684778,89.35
0.98,0.012,0.99,0.02,1770417696505,89.36
0.98,0.012,0.988,0.02,1770417696525,89.36
0.98,0.01,0.988,0.02,1770417696753,89.36
0.98,0.01,0.99,0.02,1770417696777,89.36
0.98,0.014,0.99,0.02,1770417696974,89.36
0.98,0.014,0.986,0.02,1770417696977,89.36
0.98,0.01,0.986,0.02,1770417697516,89.3
0.98,0.01,0.99,0.02,1770417697522,89.3
0.98,0.016,0.99,0.02,1770417697619,89.3
0.98,0.016,0.984,0.02,1770417697639,89.3
0.98,0.012,0.984,0.02,1770417698602,89.29
0.98,0.012,0.988,0.02,1770417698612,89.29
0.98,0.016,0.988,0.02,1770417701020,89.28
0.98,0.016,0.984,0.02,1770417701029,89.28
0.97,0.016,0.984,0.02,1770417701163,89.28
0.97,0.016,0.984,0.03,1770417701164,89.28
0.97,0.02,0.984,0.03,1770417701463,89.29
0.97,0.02,0.98,0.03,1770417701480,89.29
0.97,0.016,0.98,0.03,1770417701572,89.29
0.97,0.016,0.984,0.03,1770417701583,89.29
0.97,0.02,0.984,0.03,1770417701866,89.29
0.97,0.02,0.98,0.03,1770417701888,89.29
0.97,0.016,0.98,0.03,1770417701902,89.29
0.97,0.016,0.984,0.03,1770417701903,89.29
0.97,0.02,0.984,0.03,1770417701990,89.29
0.97,0.02,0.98,0.03,1770417701991,89.29
0.97,0.016,0.98,0.03,1770417702273,89.29
0.97,0.016,0.984,0.03,1770417702425,89.29
0.97,0.02,0.984,0.03,1770417702626,89.29
0.97,0.02,0.98,0.03,1770417702653,89.29
0.97,0.016,0.98,0.03,1770417702862,89.29
0.97,0.016,0.984,0.03,1770417702865,89.29
0.97,0.02,0.984,0.03,1770417702986,89.29
0.97,0.02,0.98,0.03,1770417703050,89.29
0.97,0.016,0.98,0.03,1770417703211,89.29
0.97,0.016,0.984,0.03,1770417703282,89.29
0.97,0.02,0.984,0.03,1770417703626,89.3
0.97,0.02,0.98,0.03,1770417703637,89.3
0.96,0.02,0.98,0.03,1770417703702,89.3
0.96,0.02,0.98,0.04,1770417703703,89.3
0.96,0.016,0.98,0.04,1770417703712,89.3
0.96,0.016,0.984,0.04,1770417703778,89.3
0.96,0.02,0.984,0.04,1770417703858,89.3
0.96,0.02,0.98,0.04,1770417703865,89.3
0.96,0.02,0.98,0.03,1770417704236,89.3
0.97,0.02,0.98,0.03,1770417704280,89.3
0.97,0.016,0.984,0.03,1770417704281,89.3
0.97,0.02,0.984,0.03,1770417704365,89.29
0.97,0.02,0.98,0.03,1770417704534,89.29
0.98,0.02,0.984,0.03,1770417713176,89.29
0.98,0.016,0.984,0.02,1770417713177,89.29
0.98,0.017,0.984,0.02,1770417713331,89.29
0.98,0.017,0.983,0.02,1770417713434,89.29
0.98,0.016,0.983,0.02,1770417715921,89.27
0.98,0.012,0.984,0.02,1770417715922,89.27
0.98,0.018,0.988,0.02,1770417715923,89.27
0.98,0.018,0.982,0.02,1770417715924,89.27
0.98,0.019,0.982,0.02,1770417716380,89.26
0.98,0.019,0.981,0.02,1770417716381,89.26
0.98,0.019,0.988,0.02,1770417721344,89.26
0.98,0.012,0.988,0.02,1770417721345,89.26
0.97,0.012,0.988,0.02,1770417723333,89.27
0.97,0.012,0.988,0.03,1770417723363,89.26
0.97,0.012,0.988,0.04,1770417723411,89.26
0.96,0.012,0.988,0.04,1770417723455,89.26
0.96,0.014,0.988,0.04,1770417723457,89.26
0.96,0.014,0.986,0.04,1770417723458,89.26
0.96,0.02,0.986,0.04,1770417723555,89.26
0.96,0.02,0.98,0.04,1770417723556,89.26
0.96,0.014,0.98,0.04,1770417723681,89.26
0.96,0.014,0.986,0.04,1770417723682,89.26
0.96,0.02,0.986,0.04,1770417723947,89.26
0.96,0.02,0.98,0.04,1770417723948,89.26
0.96,0.014,0.98,0.04,1770417724081,89.26
0.96,0.014,0.986,0.04,1770417724104,89.26
0.97,0.014,0.986,0.04,1770417724527,89.28
0.97,0.014,0.986,0.03,1770417724541,89.28
0.97,0.014,0.986,0.02,1770417724568,89.28
0.98,0.014,0.986,0.02,1770417724569,89.28
0.98,0.012,0.986,0.02,1770417724583,89.28
0.98,0.012,0.988,0.02,1770417724584,89.28
0.98,0.016,0.988,0.02,1770417724596,89.28
0.98,0.016,0.984,0.02,1770417724597,89.28
0.98,0.016,0.984,0.03,1770417724598,89.28
0.97,0.016,0.984,0.03,1770417724600,89.28
0.97,0.016,0.984,0.02,1770417724647,89.28
0.98,0.016,0.984,0.02,1770417724660,89.28
0.988,0.016,0.99,0.02,1770417724748,89.28
0.988,0.01,0.99,0.012,1770417724769,89.28
0.988,0.011,0.99,0.012,1770417726066,89.35
0.988,0.011,0.989,0.012,1770417726068,89.35
0.98,0.011,0.989,0.012,1770417726206,89.35
0.98,0.011,0.989,0.02,1770417726207,89.35
0.98,0.01,0.989,0.02,1770417726739,89.34
0.98,0.01,0.99,0.02,1770417726743,89.34
0.97,0.01,0.99,0.02,1770417726923,89.34
0.97,0.01,0.99,0.03,1770417726924,89.34
0.971,0.01,0.99,0.03,1770417727239,89.34
0.971,0.01,0.99,0.029,1770417727411,89.35
0.97,0.01,0.99,0.029,1770417727412,89.35
0.97,0.01,0.99,0.03,1770417727568,89.35
0.971,0.01,0.99,0.03,1770417727776,89.35
0.971,0.01,0.99,0.029,1770417727778,89.35
0.97,0.01,0.99,0.029,1770417727984,89.35
0.972,0.01,0.99,0.03,1770417727985,89.35
0.97,0.01,0.99,0.028,1770417728011,89.35
0.97,0.01,0.99,0.03,1770417728012,89.35
0.97,0.012,0.99,0.03,1770417728024,89.35
0.97,0.012,0.988,0.03,1770417728027,89.35
0.972,0.012,0.988,0.028,1770417728028,89.35
0.972,0.011,0.988,0.028,1770417728311,89.35
0.972,0.011,0.989,0.028,1770417728312,89.35
0.973,0.011,0.989,0.027,1770417728313,89.35
0.973,0.01,0.989,0.027,1770417728690,89.35
0.973,0.01,0.99,0.027,1770417728691,89.35
0.974,0.01,0.99,0.027,1770417729378,89.37
0.974,0.01,0.99,0.026,1770417729607,89.37
0.98,0.01,0.99,0.026,1770417729664,89.37
0.98,0.01,0.99,0.02,1770417729913,89.37
0.98,0.012,0.99,0.02,1770417732001,89.36
0.98,0.012,0.988,0.02,1770417732002,89.36
0.98,0.013,0.988,0.02,1770417732003,89.36
0.98,0.013,0.987,0.02,1770417732006,89.36
0.98,0.01,0.987,0.02,1770417732051,89.36
0.98,0.01,0.99,0.02,1770417732052,89.36
0.98,0.015,0.99,0.02,1770417732443,89.34
0.98,0.015,0.985,0.02,1770417732444,89.34
0.98,0.014,0.985,0.02,1770417736826,89.34
0.98,0.014,0.986,0.02,1770417736827,89.34
0.98,0.01,0.986,0.02,1770417741200,89.36
0.98,0.01,0.99,0.02,1770417741203,89.36
0.981,0.01,0.99,0.02,1770417741236,89.36
0.981,0.01,0.99,0.019,1770417741237,89.36
0.98,0.01,0.99,0.019,1770417741267,89.36
0.98,0.01,0.99,0.02,1770417741275,89.36
0.98,0.011,0.99,0.02,1770417742253,89.37
0.98,0.011,0.989,0.02,1770417742254,89.37
0.98,0.01,0.989,0.02,1770417742288,89.37
0.98,0.012,0.99,0.02,1770417742289,89.37
0.98,0.012,0.988,0.02,1770417742290,89.37
0.98,0.01,0.988,0.02,1770417747249,89.35
0.98,0.01,0.99,0.02,1770417747272,89.35
0.976,0.01,0.99,0.02,1770417749616,89.35
0.98,0.01,0.99,0.024,1770417749637,89.35
0.98,0.01,0.99,0.02,1770417749675,89.35
0.98,0.011,0.99,0.02,1770417751696,89.35
0.98,0.011,0.989,0.02,1770417751710,89.35
0.98,0.01,0.989,0.02,1770417752696,89.34
0.98,0.01,0.99,0.02,1770417752699,89.34
0.98,0.011,0.99,0.02,1770417752902,89.34
0.98,0.011,0.989,0.02,1770417752903,89.34
0.98,0.014,0.989,0.02,1770417752906,89.34
0.98,0.014,0.986,0.02,1770417752907,89.34
0.98,0.01,0.986,0.02,1770417753482,89.31
0.98,0.01,0.99,0.02,1770417753483,89.31
0.973,0.01,0.99,0.02,1770417753637,89.31
0.973,0.01,0.99,0.027,1770417753652,89.31
0.973,0.012,0.99,0.027,1770417753852,89.31
0.973,0.012,0.988,0.027,1770417753855,89.31
0.973,0.016,0.988,0.027,1770417753866,89.31
0.973,0.02,0.984,0.027,1770417753869,89.31
0.973,0.02,0.98,0.027,1770417753887,89.31
0.973,0.016,0.98,0.027,1770417754075,89.31
0.973,0.016,0.984,0.027,1770417754099,89.31
0.973,0.02,0.984,0.027,1770417754370,89.29
0.973,0.02,0.98,0.027,1770417754383,89.29
0.973,0.016,0.98,0.027,1770417754592,89.29
0.973,0.016,0.984,0.027,1770417754616,89.29
0.973,0.02,0.984,0.027,1770417754876,89.29
0.973,0.02,0.98,0.027,1770417754882,89.29
0.973,0.016,0.98,0.027,1770417755095,89.29
0.973,0.016,0.984,0.027,1770417755115,89.29
0.973,0.02,0.984,0.027,1770417755374,89.28
0.973,0.02,0.98,0.027,1770417755401,89.28
0.973,0.016,0.98,0.027,1770417755598,89.28
0.973,0.016,0.984,0.027,1770417755622,89.28
0.973,0.02,0.984,0.027,1770417755873,89.28
0.973,0.02,0.98,0.027,1770417755883,89.28
0.973,0.016,0.98,0.027,1770417756106,89.28
0.973,0.016,0.984,0.027,1770417756111,89.28
0.97,0.016,0.984,0.027,1770417756126,89.28
0.97,0.016,0.984,0.03,1770417756128,89.28
0.97,0.012,0.984,0.03,1770417756135,89.28
0.97,0.012,0.988,0.03,1770417756136,89.28
0.97,0.02,0.988,0.03,1770417756376,89.27
0.97,0.02,0.98,0.03,1770417756404,89.27
0.97,0.012,0.98,0.03,1770417757230,89.27
0.97,0.012,0.988,0.03,1770417757240,89.27
0.97,0.013,0.988,0.03,1770417757271,89.27
0.97,0.013,0.987,0.03,1770417757279,89.27
0.971,0.013,0.987,0.03,1770417757708,89.28
0.971,0.013,0.987,0.029,1770417757719,89.28
0.97,0.013,0.987,0.029,1770417757782,89.28
0.97,0.013,0.987,0.03,1770417757783,89.28
0.972,0.013,0.987,0.03,1770417757789,89.28
0.98,0.013,0.987,0.028,1770417757791,89.28
0.98,0.013,0.987,0.02,1770417757813,89.28
0.981,0.013,0.987,0.02,1770417758021,89.28
0.981,0.013,0.987,0.019,1770417758040,89.28
0.98,0.013,0.987,0.019,1770417758082,89.28
0.98,0.013,0.987,0.02,1770417758085,89.28
0.98,0.01,0.987,0.02,1770417759284,89.33
0.98,0.01,0.99,0.02,1770417759285,89.33
0.981,0.01,0.99,0.02,1770417759687,89.33
0.981,0.01,0.99,0.019,1770417759688,89.33
0.98,0.01,0.99,0.019,1770417760052,89.33
0.98,0.01,0.99,0.02,1770417760073,89.33
0.981,0.01,0.99,0.02,1770417760105,89.33
0.981,0.01,0.99,0.019,1770417760125,89.33
0.981,0.011,0.99,0.019,1770417764939,89.38
0.981,0.011,0.989,0.019,1770417764969,89.38
0.981,0.01,0.989,0.019,1770417765430,89.31
0.981,0.01,0.99,0.019,1770417765431,89.31
0.981,0.012,0.99,0.019,1770417766676,89.3
0.981,0.012,0.988,0.019,1770417766678,89.3
0.981,0.01,0.988,0.019,1770417773080,89.32
0.981,0.01,0.99,0.019,1770417773081,89.32
0.981,0.018,0.99,0.019,1770417783592,89.36
0.981,0.018,0.982,0.019,1770417783593,89.36
0.981,0.01,0.982,0.019,1770417783934,89.36
0.981,0.01,0.99,0.019,1770417783999,89.36
0.982,0.01,0.99,0.019,1770417784636,89.38
0.982,0.01,0.99,0.018,1770417784637,89.38
0.99,0.01,0.996,0.018,1770417791597,89.39
0.99,0.004,0.996,0.01,1770417791598,89.39
0.99,0.003,0.996,0.01,1770417792704,89.38
0.99,0.003,0.997,0.01,1770417792712,89.38
0.991,0.003,0.997,0.01,1770417794561,89.39
0.991,0.003,0.997,0.009,1770417794562,89.39
0.997,0.003,0.998,0.009,1770417815583,89.53
0.997,0.002,0.998,0.003,1770417815628,89.53
0.997,0.001,0.998,0.003,1770417836453,89.47
0.997,0.002,0.999,0.003,1770417837404,89.47
0.997,0.002,0.998,0.003,1770417837998,89.47
0.997,0.001,0.998,0.003,1770417841920,89.38
0.997,0.001,0.999,0.003,1770417842135,89.38
0.996,0.001,0.999,0.003,1770417843687,89.34
0.996,0.001,0.999,0.004,1770417844139,89.34
0.994,0.001,0.999,0.004,1770417881048,89.19
0.99,0.001,0.999,0.006,1770417881054,89.19
0.99,0.001,0.999,0.01,1770417881055,89.19
0.991,0.001,0.999,0.01,1770417885072,89.22
0.991,0.001,0.999,0.009,1770417885270,89.22
0.999,0.001,1.0,0.009,1770417885543,89.22
0.999,0.0,1.0,0.001,1770417885556,89.22
0.45,0.54,0.46,0.55,1770417922499,89.2
0.44,0.54,0.46,0.55,1770417930061,89.21
0.44,0.54,0.46,0.56,1770417930062,89.21
0.44,0.55,0.46,0.56,1770417930076,89.21
0.44,0.55,0.45,0.56,1770417930077,89.21
0.44,0.54,0.45,0.56,1770417931102,89.19
0.44,0.54,0.46,0.56,1770417931103,89.19
0.45,0.54,0.46,0.56,1770417931139,89.19
0.45,0.54,0.46,0.55,1770417931148,89.19
0.44,0.54,0.46,0.55,1770417932960,89.21
0.44,0.54,0.46,0.56,1770417932961,89.21
0.44,0.55,0.46,0.56,1770417932962,89.21
0.44,0.55,0.45,0.56,1770417932966,89.21
0.44,0.54,0.45,0.56,1770417936014,89.2
0.44,0.54,0.46,0.56,1770417936015,89.2
0.45,0.54,0.46,0.56,1770417936125,89.2
0.45,0.54,0.46,0.55,1770417936126,89.2
0.44,0.54,0.46,0.55,1770417938398,89.19
0.44,0.55,0.46,0.56,1770417938404,89.19
0.44,0.55,0.45,0.56,1770417938413,89.19
0.44,0.54,0.45,0.56,1770417938924,89.19
0.44,0.54,0.46,0.56,1770417938949,89.19
0.44,0.55,0.46,0.56,1770417938950,89.19
0.44,0.55,0.45,0.56,1770417938951,89.19
0.44,0.54,0.45,0.56,1770417938960,89.19
0.44,0.55,0.45,0.56,1770417938981,89.19
0.42,0.55,0.45,0.56,1770417941554,89.18
0.42,0.55,0.45,0.58,1770417941555,89.18
0.42,0.56,0.45,0.58,1770417941569,89.18
0.42,0.56,0.44,0.58,1770417941573,89.18
0.42,0.57,0.44,0.58,1770417941595,89.18
0.42,0.57,0.43,0.58,1770417941601,89.18
0.41,0.57,0.43,0.58,1770417942041,89.18
0.41,0.57,0.43,0.59,1770417942042,89.18
0.41,0.58,0.43,0.59,1770417942045,89.18
0.41,0.58,0.42,0.59,1770417942060,89.18
0.41,0.57,0.42,0.59,1770417942143,89.18
0.41,0.57,0.43,0.59,1770417942144,89.18
0.41,0.58,0.43,0.59,1770417942145,89.18
0.41,0.58,0.42,0.59,1770417942147,89.18
0.4,0.58,0.42,0.59,1770417943320,89.16
0.4,0.58,0.42,0.6,1770417943321,89.16
0.4,0.59,0.42,0.6,1770417943370,89.16
0.4,0.59,0.41,0.6,1770417943372,89.16
0.39,0.59,0.41,0.6,1770417945363,89.16
0.39,0.6,0.41,0.61,1770417945365,89.16
0.39,0.6,0.4,0.61,1770417945375,89.16
0.39,0.59,0.4,0.61,1770417945587,89.16
0.39,0.59,0.41,0.61,1770417945607,89.16
0.4,0.59,0.41,0.61,1770417945612,89.16
0.4,0.59,0.41,0.6,1770417945613,89.16
0.39,0.59,0.41,0.6,1770417949980,89.16
0.39,0.6,0.4,0.61,1770417949981,89.16
0.38,0.6,0.4,0.61,1770417952146,89.15
0.38,0.6,0.4,0.62,1770417952155,89.15
0.38,0.61,0.4,0.62,1770417952156,89.15
0.38,0.61,0.39,0.62,1770417952158,89.15
0.37,0.61,0.39,0.62,1770417955245,89.14
0.37,0.62,0.39,0.63,1770417955257,89.14
0.37,0.62,0.38,0.63,1770417955267,89.14
0.37,0.61,0.38,0.63,1770417957248,89.14
0.37,0.61,0.39,0.63,1770417957249,89.14
0.38,0.61,0.39,0.63,1770417957257,89.14
0.38,0.61,0.39,0.62,1770417957258,89.14
0.37,0.61,0.39,0.62,1770417957469,89.14
0.37,0.61,0.39,0.63,1770417957472,89.14
0.37,0.62,0.39,0.63,1770417957476,89.14
0.37,0.62,0.38,0.63,1770417957478,89.14
0.37,0.61,0.38,0.63,1770417958079,89.14
0.37,0.61,0.39,0.63,1770417958083,89.14
0.37,0.62,0.39,0.63,1770417958312,89.14
0.37,0.62,0.38,0.63,1770417958313,89.14
0.37,0.61,0.38,0.63,1770417958883,89.12
0.37,0.61,0.39,0.63,1770417958895,89.12
0.38,0.61,0.39,0.63,1770417959014,89.12
0.38,0.61,0.39,0.62,1770417959015,89.12
0.36,0.61,0.39,0.62,1770417960011,89.12
0.36,0.61,0.39,0.64,1770417960012,89.12
0.36,0.62,0.39,0.64,1770417960014,89.12
0.37,0.62,0.38,0.64,1770417960016,89.12
0.37,0.62,0.38,0.63,1770417960017,89.12
0.36,0.62,0.38,0.63,1770417960031,89.12
0.36,0.62,0.38,0.64,1770417960033,89.12
0.36,0.63,0.38,0.64,1770417960050,89.12
0.36,0.63,0.37,0.64,1770417960056,89.12
0.35,0.63,0.37,0.64,1770417963161,89.13
0.35,0.63,0.37,0.65,1770417963164,89.13
0.35,0.64,0.36,0.65,1770417963165,89.13
0.34,0.64,0.36,0.65,1770417963764,89.09
0.34,0.65,0.36,0.66,1770417963765,89.09
0.34,0.65,0.35,0.66,1770417963772,89.09
0.33,0.65,0.35,0.66,1770417965889,89.08
0.33,0.65,0.35,0.67,1770417965890,89.08
0.33,0.66,0.35,0.67,1770417965909,89.08
0.33,0.66,0.34,0.67,1770417965910,89.08
0.32,0.66,0.34,0.67,1770417966199,89.08
0.32,0.66,0.34,0.68,1770417966200,89.08
0.32,0.67,0.34,0.68,1770417966206,89.08
0.32,0.67,0.33,0.68,1770417966207,89.08
0.3,0.67,0.33,0.68,1770417967117,89.08
0.3,0.68,0.33,0.7,1770417967118,89.08
0.3,0.68,0.32,0.7,1770417967119,89.08
0.31,0.68,0.32,0.69,1770417967120,89.08
0.3,0.68,0.32,0.69,1770417967167,89.08
0.3,0.68,0.32,0.7,1770417967168,89.08
0.3,0.69,0.32,0.7,1770417967175,89.08
0.3,0.69,0.31,0.7,1770417967177,89.08
0.29,0.69,0.31,0.7,1770417967839,89.05
0.29,0.69,0.31,0.71,1770417967840,89.05
0.29,0.7,0.3,0.71,1770417967851,89.05
0.28,0.7,0.3,0.71,1770417968171,89.05
0.28,0.7,0.3,0.72,1770417968172,89.05
0.28,0.71,0.3,0.72,1770417968173,89.05
0.27,0.71,0.29,0.73,1770417968174,89.05
0.28,0.71,0.29,0.73,1770417968219,89.05
0.28,0.71,0.29,0.72,1770417968222,89.05
0.28,0.7,0.29,0.72,1770417968608,89.02
0.28,0.7,0.3,0.72,1770417968609,89.02
0.29,0.7,0.3,0.72,1770417968642,89.02
0.29,0.7,0.3,0.71,1770417968644,89.02
0.28,0.7,0.3,0.71,1770417968692,89.02
0.28,0.7,0.3,0.72,1770417968695,89.02
0.28,0.71,0.3,0.72,1770417968706,89.02
0.28,0.7,0.29,0.72,1770417968721,89.02
0.28,0.71,0.29,0.72,1770417968749,89.02
0.28,0.66,0.29,0.72,1770417968875,89.02
0.29,0.66,0.34,0.71,1770417968890,89.02
0.28,0.66,0.34,0.71,1770417969107,89.02
0.28,0.66,0.34,0.72,1770417969109,89.02
0.29,0.66,0.34,0.72,1770417969112,89.02
0.29,0.66,0.34,0.71,1770417969120,89.02
0.3,0.66,0.34,0.71,1770417969211,89.02
0.3,0.66,0.34,0.7,1770417969212,89.02
0.31,0.66,0.34,0.7,1770417969364,89.07
0.31,0.66,0.34,0.69,1770417969365,89.07
0.32,0.66,0.34,0.69,1770417969421,89.07
0.32,0.66,0.34,0.68,1770417969494,89.07
0.33,0.66,0.34,0.68,1770417969883,89.07
0.33,0.66,0.34,0.67,1770417969884,89.07
0.33,0.65,0.34,0.67,1770417970134,89.07
0.33,0.65,0.35,0.67,1770417970156,89.07
0.34,0.65,0.35,0.67,1770417970265,89.07
0.34,0.65,0.35,0.66,1770417970266,89.07
0.33,0.65,0.35,0.66,1770417970489,89.08
0.33,0.65,0.35,0.67,1770417970490,89.08
0.33,0.66,0.35,0.67,1770417970519,89.08
0.33,0.66,0.34,0.67,1770417970520,89.08
0.33,0.65,0.34,0.67,1770417970713,89.08
0.33,0.65,0.35,0.67,1770417970735,89.08
0.33,0.66,0.35,0.67,1770417970740,89.08
0.33,0.66,0.34,0.67,1770417970741,89.08
0.33,0.65,0.34,0.67,1770417970883,89.08
0.33,0.65,0.35,0.67,1770417970889,89.08
0.34,0.65,0.35,0.67,1770417971013,89.08
0.34,0.65,0.35,0.66,1770417971014,89.08
0.34,0.64,0.35,0.66,1770417971249,89.08
0.34,0.64,0.36,0.66,1770417971255,89.08
0.35,0.64,0.36,0.66,1770417971283,89.08
0.35,0.64,0.36,0.65,1770417971328,89.08
0.34,0.64,0.36,0.65,1770417971808,89.09
0.34,0.65,0.35,0.66,1770417971815,89.09
0.34,0.64,0.35,0.66,1770417972675,89.09
0.34,0.64,0.36,0.66,1770417972681,89.09
0.35,0.64,0.36,0.66,1770417972710,89.09
0.35,0.64,0.36,0.65,1770417972750,89.09
0.35,0.63,0.36,0.65,1770417972953,89.09
0.35,0.63,0.37,0.65,1770417972981,89.09
0.36,0.63,0.37,0.65,1770417972982,89.09
0.36,0.63,0.37,0.64,1770417973012,89.09
0.35,0.63,0.37,0.64,1770417973070,89.09
0.35,0.63,0.37,0.65,1770417973079,89.09
0.35,0.64,0.37,0.65,1770417973087,89.09
0.35,0.64,0.36,0.65,1770417973091,89.09
0.35,0.63,0.36,0.65,1770417973297,89.11
0.35,0.63,0.37,0.65,1770417973298,89.11
0.35,0.64,0.37,0.65,1770417973534,89.11
0.35,0.64,0.36,0.65,1770417973557,89.11
0.35,0.63,0.36,0.65,1770417974005,89.11
0.35,0.63,0.37,0.65,1770417974006,89.11
0.36,0.63,0.37,0.65,1770417974227,89.11
0.36,0.63,0.37,0.64,1770417974260,89.11
0.35,0.63,0.37,0.64,1770417974542,89.11
0.35,0.63,0.37,0.65,1770417974548,89.11
0.35,0.64,0.37,0.65,1770417974555,89.11
0.35,0.64,0.36,0.65,1770417974564,89.11
0.35,0.63,0.36,0.65,1770417974932,89.11
0.35,0.63,0.37,0.65,1770417974933,89.11
0.36,0.63,0.37,0.65,1770417974968,89.11
0.36,0.63,0.37,0.64,1770417974970,89.11
0.36,0.62,0.37,0.64,1770417975144,89.11
0.36,0.62,0.38,0.64,1770417975151,89.11
0.37,0.62,0.38,0.64,1770417975172,89.11
0.37,0.62,0.38,0.63,1770417975178,89.11
0.37,0.61,0.38,0.63,1770417975359,89.12
0.37,0.61,0.39,0.63,1770417975360,89.12
0.38,0.61,0.39,0.63,1770417975405,89.12
0.38,0.61,0.39,0.62,1770417975406,89.12
0.38,0.6,0.39,0.62,1770417976753,89.12
0.38,0.6,0.4,0.62,1770417976754,89.12
0.39,0.6,0.4,0.62,1770417976811,89.12
0.39,0.6,0.4,0.61,1770417976812,89.12
0.39,0.59,0.4,0.61,1770417979149,89.13
0.39,0.59,0.41,0.61,1770417979150,89.13
0.4,0.59,0.41,0.61,1770417979183,89.13
0.4,0.59,0.41,0.6,1770417979231,89.13
0.4,0.58,0.41,0.6,1770417983528,89.18
0.4,0.58,0.42,0.6,1770417983530,89.18
0.41,0.58,0.42,0.6,1770417983561,89.18
0.41,0.58,0.42,0.59,1770417983572,89.18
0.4,0.58,0.42,0.59,1770417983960,89.18
0.4,0.58,0.42,0.6,1770417983961,89.18
0.4,0.59,0.42,0.6,1770417983963,89.18
0.4,0.59,0.41,0.6,1770417983998,89.18
0.4,0.58,0.41,0.6,1770417984298,89.18
0.41,0.58,0.42,0.6,1770417984306,89.18
0.41,0.58,0.42,0.59,1770417984317,89.17
0.4,0.58,0.42,0.59,1770417985749,89.18
0.4,0.59,0.42,0.6,1770417985752,89.18
0.4,0.59,0.41,0.6,1770417985754,89.18
0.39,0.59,0.41,0.6,1770417986316,89.16
0.39,0.59,0.41,0.61,1770417986326,89.16
0.39,0.6,0.41,0.61,1770417986332,89.16
0.39,0.6,0.4,0.61,1770417986333,89.16
0.38,0.6,0.4,0.61,1770417989917,89.15
0.38,0.6,0.4,0.62,1770417989918,89.15
0.38,0.6,0.39,0.62,1770417990843,89.16
0.38,0.61,0.39,0.62,1770417990844,89.16
0.38,0.61,0.4,0.62,1770417991906,89.15
0.38,0.6,0.4,0.62,1770417991931,89.15
0.39,0.6,0.4,0.62,1770417991943,89.15
0.39,0.6,0.4,0.61,1770417991957,89.15
0.38,0.6,0.4,0.61,1770417992066,89.15
0.38,0.6,0.4,0.62,1770417992067,89.15
0.39,0.6,0.4,0.62,1770417992135,89.15
0.39,0.6,0.4,0.61,1770417992149,89.15
0.38,0.6,0.4,0.61,1770417992504,89.16
0.38,0.6,0.4,0.62,1770417992505,89.16
0.38,0.61,0.4,0.62,1770417992794,89.16
0.38,0.61,0.39,0.62,1770417992821,89.16
0.38,0.6,0.39,0.62,1770417993027,89.16
0.38,0.6,0.4,0.62,1770417993028,89.16
0.38,0.61,0.4,0.62,1770417993063,89.16
0.38,0.61,0.39,0.62,1770417993095,89.16
0.38,0.6,0.39,0.62,1770417993364,89.16
0.38,0.6,0.4,0.62,1770417993365,89.16
0.38,0.59,0.4,0.62,1770417993550,89.16
0.38,0.59,0.41,0.62,1770417993551,89.16
0.38,0.6,0.41,0.62,1770417993608,89.16
0.38,0.6,0.4,0.62,1770417993609,89.16
0.38,0.6,0.4,0.61,1770417993730,89.16
0.39,0.6,0.4,0.61,1770417993732,89.16
0.39,0.59,0.4,0.61,1770417993789,89.16
0.39,0.59,0.41,0.61,1770417993805,89.16
0.4,0.59,0.41,0.61,1770417994010,89.16
0.4,0.59,0.41,0.6,1770417994038,89.16
0.39,0.59,0.41,0.6,1770417994194,89.16
0.39,0.59,0.41,0.61,1770417994195,89.16
0.39,0.6,0.41,0.61,1770417994198,89.16
0.39,0.6,0.4,0.61,1770417994199,89.16
0.39,0.59,0.4,0.61,1770417994416,89.16
0.39,0.59,0.41,0.61,1770417994417,89.16
0.4,0.59,0.41,0.61,1770417994457,89.16
0.4,0.59,0.41,0.6,1770417994478,89.16
0.39,0.59,0.41,0.6,1770417995351,89.15
0.39,0.59,0.41,0.61,1770417995364,89.15
0.4,0.59,0.41,0.61,1770417995394,89.15
0.4,0.59,0.41,0.6,1770417995395,89.15
0.38,0.59,0.41,0.6,1770417998338,89.15
0.38,0.6,0.41,0.62,1770417998342,89.15
0.36,0.6,0.4,0.62,1770417998343,89.15
0.36,0.6,0.4,0.64,1770417998347,89.15
0.36,0.61,0.4,0.64,1770417998370,89.15
0.36,0.61,0.39,0.64,1770417998371,89.15
0.36,0.61,0.38,0.64,1770417998382,89.15
0.36,0.62,0.38,0.64,1770417998383,89.15
0.36,0.63,0.38,0.64,1770417998385,89.15
0.36,0.63,0.37,0.64,1770417998386,89.15
0.35,0.63,0.37,0.64,1770417998766,89.15
0.35,0.63,0.37,0.65,1770417998767,89.15
0.35,0.64,0.37,0.65,1770417998772,89.15
0.35,0.64,0.36,0.65,1770417998774,89.15
0.35,0.62,0.36,0.65,1770417999721,89.11
0.35,0.62,0.38,0.64,1770417999754,89.11
0.36,0.62,0.38,0.64,1770417999755,89.11
0.36,0.62,0.39,0.64,1770417999847,89.11
0.36,0.61,0.39,0.64,1770417999848,89.11
0.37,0.61,0.39,0.63,1770417999849,89.11
0.38,0.61,0.39,0.63,1770418000023,89.11
0.38,0.61,0.39,0.62,1770418000046,89.11
0.37,0.61,0.39,0.62,1770418000066,89.11
0.37,0.61,0.39,0.63,1770418000076,89.11
0.37,0.62,0.39,0.63,1770418000078,89.11
0.37,0.62,0.38,0.63,1770418000079,89.11
0.37,0.61,0.38,0.63,1770418001013,89.14
0.38,0.61,0.39,0.63,1770418001014,89.14
0.38,0.61,0.39,0.62,1770418001024,89.14
0.37,0.61,0.39,0.62,1770418003696,89.15
0.37,0.61,0.39,0.63,1770418003697,89.15
0.37,0.62,0.39,0.63,1770418003720,89.15
0.37,0.62,0.38,0.63,1770418003723,89.15
0.37,0.61,0.38,0.63,1770418007117,89.14
0.37,0.61,0.39,0.63,1770418007120,89.14
0.38,0.61,0.39,0.63,1770418007134,89.14
0.38,0.61,0.39,0.62,1770418007139,89.14
0.38,0.6,0.39,0.62,1770418007220,89.14
0.38,0.61,0.39,0.62,1770418007221,89.14
0.38,0.61,0.4,0.62,1770418008028,89.14
0.38,0.6,0.4,0.62,1770418008036,89.14
0.39,0.6,0.4,0.62,1770418008037,89.14
0.39,0.6,0.4,0.61,1770418008045,89.14
0.39,0.59,0.4,0.61,1770418009412,89.15
0.39,0.59,0.41,0.61,1770418009414,89.15
0.4,0.59,0.41,0.61,1770418009443,89.15
0.4,0.59,0.41,0.6,1770418009454,89.15
0.4,0.58,0.41,0.6,1770418009517,89.15
0.4,0.58,0.42,0.6,1770418009518,89.15
0.41,0.58,0.42,0.6,1770418009664,89.15
0.41,0.58,0.42,0.59,1770418009665,89.15
0.4,0.58,0.42,0.59,1770418010094,89.15
0.4,0.58,0.42,0.6,1770418010095,89.15
0.41,0.58,0.42,0.6,1770418010108,89.15
0.41,0.58,0.42,0.59,1770418010116,89.15
0.41,0.57,0.42,0.59,1770418010456,89.19
0.41,0.57,0.43,0.59,1770418010457,89.19
0.42,0.57,0.43,0.59,1770418010469,89.19
0.42,0.57,0.43,0.58,1770418010470,89.19
0.42,0.56,0.43,0.58,1770418011333,89.19
0.42,0.56,0.44,0.58,1770418011334,89.19
0.43,0.56,0.44,0.58,1770418011340,89.19
0.43,0.56,0.44,0.57,1770418011348,89.19
0.43,0.55,0.44,0.57,1770418012023,89.2
0.43,0.55,0.45,0.57,1770418012024,89.2
0.44,0.55,0.45,0.57,1770418012053,89.2
0.44,0.55,0.45,0.56,1770418012054,89.2
0.44,0.54,0.45,0.56,1770418013082,89.21
0.45,0.54,0.46,0.56,1770418013094,89.21
0.45,0.54,0.46,0.55,1770418013098,89.21
0.45,0.53,0.46,0.55,1770418017507,89.25
0.46,0.53,0.47,0.55,1770418017508,89.25
0.46,0.53,0.47,0.54,1770418017509,89.25
0.47,0.53,0.48,0.54,1770418018697,89.25
0.47,0.52,0.48,0.53,1770418018699,89.25
0.47,0.5,0.48,0.53,1770418019403,89.27
0.47,0.51,0.5,0.53,1770418019404,89.27
0.48,0.51,0.49,0.53,1770418019405,89.27
0.48,0.51,0.49,0.52,1770418019415,89.27
0.48,0.5,0.49,0.52,1770418019423,89.27
0.48,0.5,0.5,0.52,1770418019427,89.27
0.49,0.5,0.5,0.52,1770418019434,89.27
0.49,0.5,0.5,0.51,1770418019435,89.27
0.49,0.49,0.5,0.51,1770418020737,89.26
0.49,0.49,0.51,0.51,1770418020738,89.26
0.5,0.49,0.51,0.51,1770418020744,89.26
0.5,0.49,0.51,0.5,1770418020761,89.26
0.5,0.48,0.51,0.5,1770418020954,89.26
0.5,0.48,0.52,0.5,1770418020961,89.26
0.51,0.48,0.52,0.49,1770418020964,89.26
0.51,0.45,0.52,0.49,1770418022089,89.32
0.51,0.45,0.55,0.49,1770418022090,89.32
0.52,0.45,0.55,0.49,1770418022098,89.32
0.52,0.45,0.55,0.48,1770418022111,89.32
0.53,0.45,0.55,0.48,1770418022122,89.32
0.53,0.45,0.55,0.47,1770418022140,89.32
0.53,0.46,0.55,0.47,1770418022150,89.32
0.53,0.46,0.54,0.47,1770418022156,89.32
0.53,0.45,0.54,0.47,1770418022469,89.34
0.54,0.45,0.55,0.47,1770418022485,89.34
0.54,0.45,0.55,0.46,1770418022489,89.34
0.54,0.44,0.55,0.46,1770418022500,89.34
0.54,0.44,0.56,0.46,1770418022501,89.34
0.54,0.45,0.56,0.46,1770418022506,89.34
0.54,0.45,0.55,0.46,1770418022519,89.34
0.53,0.45,0.55,0.46,1770418022701,89.34
0.53,0.45,0.55,0.47,1770418022702,89.34
0.54,0.45,0.55,0.47,1770418022704,89.34
0.54,0.45,0.55,0.46,1770418022726,89.34
0.54,0.43,0.55,0.46,1770418024732,89.33
0.54,0.43,0.57,0.46,1770418024733,89.33
0.55,0.43,0.57,0.46,1770418024735,89.33
0.55,0.43,0.57,0.45,1770418024745,89.33
0.55,0.44,0.57,0.45,1770418024754,89.33
0.55,0.44,0.56,0.45,1770418024756,89.33
0.55,0.43,0.56,0.45,1770418025264,89.33
0.55,0.43,0.57,0.45,1770418025268,89.33
0.56,0.43,0.57,0.45,1770418025270,89.33
0.56,0.43,0.57,0.44,1770418025271,89.33
0.56,0.42,0.57,0.44,1770418025371,89.33
0.56,0.42,0.58,0.44,1770418025372,89.33
0.57,0.42,0.58,0.44,1770418025381,89.33
0.57,0.42,0.58,0.43,1770418025384,89.33
0.57,0.41,0.58,0.43,1770418025809,89.33
0.57,0.41,0.59,0.43,1770418025810,89.33
0.58,0.41,0.59,0.43,1770418025825,89.33
0.58,0.41,0.59,0.42,1770418025826,89.33
0.57,0.41,0.59,0.42,1770418026082,89.33
0.57,0.41,0.59,0.43,1770418026083,89.33
0.57,0.42,0.59,0.43,1770418026119,89.33
0.57,0.42,0.58,0.43,1770418026184,89.33
0.57,0.41,0.58,0.43,1770418026537,89.34
0.57,0.41,0.59,0.43,1770418026538,89.34
0.58,0.41,0.59,0.42,1770418026542,89.34
0.57,0.41,0.59,0.42,1770418027951,89.34
0.57,0.41,0.59,0.43,1770418027953,89.34
0.58,0.41,0.59,0.43,1770418027968,89.34
0.58,0.41,0.59,0.42,1770418027997,89.34
0.57,0.41,0.59,0.42,1770418028129,89.34
0.57,0.41,0.59,0.43,1770418028143,89.34
0.57,0.4,0.59,0.43,1770418028312,89.34
0.57,0.4,0.6,0.43,1770418028314,89.36
0.57,0.41,0.6,0.43,1770418028326,89.36
0.57,0.41,0.59,0.43,1770418028333,89.36
0.58,0.41,0.59,0.43,1770418028356,89.36
0.58,0.41,0.59,0.42,1770418028368,89.36
0.58,0.4,0.59,0.42,1770418028929,89.36
0.58,0.4,0.6,0.42,1770418028931,89.36
0.59,0.4,0.6,0.42,1770418028936,89.36
0.59,0.4,0.6,0.41,1770418028944,89.36
0.59,0.38,0.6,0.41,1770418030576,89.38
0.6,0.38,0.62,0.41,1770418030584,89.38
0.6,0.38,0.62,0.4,1770418030591,89.38
0.61,0.38,0.62,0.4,1770418030620,89.38
0.61,0.38,0.62,0.39,1770418030625,89.38
0.61,0.37,0.62,0.39,1770418031364,89.38
0.62,0.37,0.63,0.38,1770418031379,89.38
0.62,0.36,0.63,0.38,1770418034568,89.4
0.63,0.36,0.64,0.38,1770418034569,89.4
0.63,0.36,0.64,0.37,1770418034587,89.4
0.63,0.35,0.64,0.37,1770418035161,89.4
0.64,0.35,0.65,0.37,1770418035165,89.4
0.64,0.35,0.65,0.36,1770418035173,89.4
0.64,0.33,0.65,0.36,1770418035956,89.41
0.64,0.33,0.67,0.36,1770418035958,89.41
0.65,0.33,0.67,0.36,1770418035962,89.41
0.65,0.33,0.67,0.35,1770418035965,89.41
0.66,0.33,0.67,0.35,1770418035988,89.41
0.66,0.33,0.67,0.34,1770418035989,89.41
0.66,0.32,0.67,0.34,1770418036588,89.43
0.66,0.32,0.68,0.34,1770418036589,89.43
0.67,0.32,0.68,0.34,1770418036591,89.43
0.67,0.32,0.68,0.33,1770418036592,89.43
0.66,0.32,0.68,0.33,1770418037120,89.43
0.66,0.32,0.68,0.34,1770418037121,89.43
0.66,0.32,0.67,0.34,1770418037191,89.43
0.66,0.33,0.67,0.34,1770418037194,89.43
0.66,0.33,0.68,0.34,1770418037614,89.43
0.67,0.32,0.68,0.34,1770418037621,89.43
0.67,0.32,0.68,0.33,1770418037632,89.43
0.66,0.32,0.68,0.33,1770418037874,89.43
0.66,0.32,0.68,0.34,1770418037879,89.43
0.66,0.33,0.68,0.34,1770418037887,89.43
0.66,0.33,0.67,0.34,1770418037897,89.43
0.66,0.33,0.68,0.34,1770418038294,89.43
0.66,0.32,0.68,0.34,1770418038295,89.43
0.67,0.32,0.68,0.33,1770418038297,89.43
0.67,0.31,0.68,0.33,1770418038346,89.44
0.67,0.31,0.69,0.33,1770418038347,89.44
0.68,0.31,0.69,0.33,1770418038370,89.44
0.68,0.31,0.69,0.32,1770418038371,89.44
0.67,0.31,0.69,0.32,1770418038590,89.44
0.67,0.31,0.69,0.33,1770418038591,89.44
0.68,0.31,0.69,0.33,1770418038598,89.44
0.68,0.31,0.69,0.32,1770418038608,89.44
0.67,0.31,0.69,0.32,1770418038795,89.44
0.67,0.31,0.69,0.33,1770418038796,89.44
0.68,0.31,0.69,0.33,1770418039106,89.44
0.68,0.31,0.69,0.32,1770418039108,89.44
0.67,0.31,0.69,0.32,1770418040018,89.46
0.67,0.31,0.69,0.33,1770418040019,89.46
0.68,0.31,0.69,0.33,1770418040220,89.46
0.68,0.31,0.69,0.32,1770418040240,89.46
0.68,0.3,0.69,0.32,1770418040594,89.47
0.68,0.3,0.7,0.32,1770418040599,89.47
0.69,0.3,0.7,0.32,1770418040603,89.47
0.69,0.3,0.7,0.31,1770418040609,89.47
0.69,0.27,0.7,0.31,1770418041724,89.48
0.69,0.27,0.73,0.31,1770418041726,89.48
0.7,0.27,0.73,0.31,1770418041738,89.48
0.7,0.27,0.73,0.3,1770418041749,89.48
0.71,0.27,0.73,0.3,1770418041775,89.48
0.71,0.27,0.73,0.29,1770418041776,89.48
0.72,0.27,0.73,0.29,1770418041800,89.48
0.72,0.27,0.73,0.28,1770418041801,89.48
0.71,0.27,0.73,0.28,1770418041953,89.48
0.71,0.27,0.73,0.29,1770418041957,89.48
0.72,0.27,0.73,0.29,1770418042092,89.48
0.72,0.27,0.73,0.28,1770418042116,89.48
0.71,0.27,0.73,0.28,1770418042125,89.48
0.71,0.27,0.73,0.29,1770418042168,89.48
0.72,0.27,0.73,0.29,1770418042319,89.48
0.72,0.27,0.73,0.28,1770418042320,89.48
0.71,0.27,0.73,0.28,1770418042327,89.48
0.71,0.27,0.73,0.29,1770418042330,89.48
0.71,0.28,0.73,0.29,1770418042344,89.48
0.71,0.28,0.72,0.29,1770418042348,89.48
0.71,0.27,0.72,0.29,1770418042459,89.49
0.72,0.27,0.73,0.29,1770418042463,89.49
0.72,0.27,0.73,0.28,1770418042464,89.49
0.71,0.27,0.73,0.28,1770418042688,89.49
0.71,0.27,0.73,0.29,1770418042706,89.49
0.72,0.27,0.73,0.29,1770418042974,89.49
0.72,0.27,0.73,0.28,1770418042975,89.49
0.71,0.27,0.73,0.28,1770418043060,89.49
0.71,0.27,0.73,0.29,1770418043061,89.49
0.72,0.27,0.73,0.29,1770418043092,89.49
0.72,0.27,0.73,0.28,1770418043121,89.49
0.71,0.27,0.73,0.28,1770418043214,89.49
0.71,0.27,0.73,0.29,1770418043215,89.49
0.71,0.26,0.73,0.29,1770418043265,89.49
0.71,0.26,0.74,0.29,1770418043266,89.49
0.71,0.27,0.74,0.29,1770418043280,89.49
0.71,0.27,0.73,0.29,1770418043283,89.49
0.71,0.26,0.73,0.29,1770418043399,89.51
0.71,0.26,0.74,0.29,1770418043400,89.51
0.72,0.26,0.74,0.29,1770418043415,89.51
0.72,0.26,0.74,0.28,1770418043416,89.51
0.73,0.26,0.74,0.28,1770418043528,89.51
0.73,0.26,0.74,0.27,1770418043529,89.51
0.73,0.25,0.74,0.27,1770418044008,89.51
0.74,0.25,0.75,0.27,1770418044017,89.51
0.74,0.25,0.75,0.26,1770418044023,89.51
0.73,0.25,0.75,0.26,1770418044240,89.51
0.73,0.25,0.75,0.27,1770418044252,89.51
0.73,0.26,0.75,0.27,1770418044277,89.51
0.73,0.26,0.74,0.27,1770418044278,89.51
0.73,0.25,0.74,0.27,1770418047754,89.52
0.73,0.25,0.75,0.27,1770418047756,89.52
0.74,0.25,0.75,0.27,1770418047798,89.52
0.74,0.25,0.75,0.26,1770418047802,89.52
0.73,0.25,0.75,0.26,1770418048887,89.53
0.73,0.25,0.75,0.27,1770418048897,89.53
0.74,0.25,0.75,0.27,1770418048971,89.53
0.74,0.25,0.75,0.26,1770418048979,89.53
0.74,0.24,0.75,0.26,1770418050891,89.53
0.75,0.24,0.76,0.26,1770418050892,89.53
0.75,0.24,0.76,0.25,1770418050903,89.53
0.74,0.24,0.76,0.25,1770418051124,89.53
0.74,0.24,0.76,0.26,1770418051145,89.53
0.74,0.25,0.76,0.26,1770418051197,89.53
0.74,0.25,0.75,0.26,1770418051208,89.53
0.73,0.25,0.75,0.26,1770418051305,89.52
0.73,0.25,0.75,0.27,1770418051306,89.52
0.73,0.26,0.75,0.27,1770418051343,89.52
0.73,0.26,0.74,0.27,1770418051344,89.52
0.73,0.25,0.74,0.27,1770418054050,89.52
0.73,0.25,0.75,0.27,1770418054052,89.52
0.74,0.25,0.75,0.27,1770418054057,89.52
0.74,0.25,0.75,0.26,1770418054063,89.52
0.73,0.25,0.75,0.26,1770418054277,89.52
0.73,0.25,0.75,0.27,1770418054304,89.52
0.73,0.26,0.75,0.27,1770418054484,89.52
0.73,0.26,0.74,0.27,1770418054491,89.52
0.73,0.24,0.74,0.27,1770418069608,89.57
0.73,0.24,0.76,0.27,1770418069609,89.57
0.73,0.21,0.76,0.27,1770418069618,89.57
0.73,0.21,0.79,0.27,1770418069619,89.57
0.74,0.21,0.79,0.27,1770418069634,89.57
0.74,0.21,0.79,0.26,1770418069635,89.57
0.75,0.21,0.79,0.26,1770418069644,89.57
0.75,0.21,0.79,0.25,1770418069649,89.57
0.75,0.22,0.79,0.25,1770418069650,89.57
0.75,0.22,0.78,0.25,1770418069666,89.57
0.76,0.22,0.78,0.25,1770418069669,89.57
0.76,0.22,0.78,0.24,1770418069670,89.57
0.77,0.22,0.78,0.24,1770418069747,89.57
0.77,0.22,0.78,0.23,1770418069773,89.57
0.77,0.21,0.78,0.23,1770418073034,89.57
0.77,0.21,0.79,0.23,1770418073035,89.57
0.78,0.21,0.79,0.23,1770418073038,89.57
0.78,0.21,0.79,0.22,1770418073043,89.57
0.77,0.21,0.79,0.22,1770418074774,89.57
0.77,0.21,0.79,0.23,1770418074775,89.57
0.77,0.21,0.78,0.23,1770418074817,89.57
0.77,0.22,0.78,0.23,1770418074818,89.57
0.75,0.22,0.78,0.23,1770418075863,89.55
0.75,0.22,0.78,0.25,1770418075864,89.55
0.75,0.24,0.78,0.25,1770418075865,89.55
0.75,0.24,0.76,0.25,1770418075872,89.55
0.74,0.24,0.76,0.25,1770418080199,89.51
0.74,0.24,0.76,0.26,1770418080210,89.51
0.74,0.25,0.76,0.26,1770418080242,89.51
0.74,0.25,0.75,0.26,1770418080254,89.51
0.73,0.25,0.75,0.26,1770418080645,89.51
0.73,0.25,0.75,0.27,1770418080657,89.51
0.74,0.25,0.75,0.27,1770418080696,89.51
0.74,0.25,0.75,0.26,1770418080697,89.51
0.73,0.25,0.75,0.26,1770418080721,89.51
0.73,0.25,0.75,0.27,1770418080722,89.51
0.74,0.25,0.75,0.27,1770418080739,89.51
0.74,0.25,0.75,0.26,1770418080742,89.51
0.74,0.24,0.75,0.26,1770418090263,89.52
0.75,0.24,0.76,0.25,1770418090264,89.52
0.75,0.23,0.76,0.25,1770418095286,89.54
0.75,0.23,0.77,0.25,1770418095287,89.54
0.76,0.23,0.77,0.25,1770418095288,89.54
0.76,0.23,0.77,0.24,1770418095294,89.54
0.75,0.23,0.77,0.24,1770418095932,89.53
0.75,0.23,0.77,0.25,1770418095967,89.53
0.76,0.23,0.77,0.25,1770418096018,89.53
0.76,0.23,0.77,0.24,1770418096029,89.53
0.75,0.23,0.77,0.24,1770418096096,89.53
0.75,0.23,0.77,0.25,1770418096098,89.53
0.76,0.23,0.77,0.25,1770418096207,89.53
0.76,0.23,0.77,0.24,1770418096208,89.53
0.76,0.22,0.77,0.24,1770418100258,89.54
0.76,0.22,0.78,0.24,1770418100259,89.54
0.77,0.22,0.78,0.24,1770418100265,89.54
0.77,0.22,0.78,0.23,1770418100266,89.54
0.77,0.21,0.78,0.23,1770418100738,89.54
0.78,0.21,0.79,0.23,1770418100744,89.54
0.78,0.21,0.79,0.22,1770418100752,89.54
0.78,0.2,0.79,0.22,1770418102023,89.57
0.79,0.2,0.8,0.22,1770418102025,89.57
0.79,0.2,0.8,0.21,1770418102039,89.57
0.79,0.19,0.8,0.21,1770418102871,89.59
0.79,0.19,0.81,0.21,1770418102872,89.59
0.8,0.19,0.81,0.21,1770418102879,89.59
0.8,0.19,0.81,0.2,1770418102889,89.59
0.79,0.19,0.81,0.2,1770418103931,89.59
0.79,0.19,0.81,0.21,1770418103932,89.59
0.79,0.19,0.8,0.21,1770418103962,89.59
0.79,0.2,0.8,0.21,1770418103979,89.59
0.79,0.19,0.8,0.21,1770418105055,89.59
0.79,0.19,0.81,0.21,1770418105056,89.59
0.8,0.19,0.81,0.21,1770418105064,89.59
0.8,0.19,0.81,0.2,1770418105065,89.59
0.79,0.19,0.81,0.2,1770418105295,89.59
0.79,0.19,0.81,0.21,1770418105302,89.59
0.79,0.2,0.81,0.21,1770418105307,89.59
0.79,0.2,0.8,0.21,1770418105308,89.59
0.8,0.2,0.82,0.21,1770418117145,89.58
0.8,0.18,0.82,0.2,1770418117146,89.58
0.8,0.15,0.82,0.2,1770418117148,89.58
0.81,0.15,0.85,0.19,1770418117149,89.58
0.83,0.15,0.85,0.19,1770418117179,89.58
0.83,0.15,0.85,0.17,1770418117180,89.58
0.84,0.15,0.85,0.17,1770418117234,89.58
0.84,0.15,0.85,0.16,1770418117240,89.58
0.83,0.15,0.85,0.16,1770418117686,89.67
0.83,0.15,0.85,0.17,1770418117696,89.67
0.83,0.16,0.85,0.17,1770418117711,89.67
0.83,0.16,0.84,0.17,1770418117716,89.67
0.83,0.15,0.84,0.17,1770418118321,89.67
0.83,0.15,0.85,0.17,1770418118328,89.62
0.83,0.15,0.84,0.17,1770418118341,89.62
0.83,0.16,0.84,0.17,1770418118342,89.62
0.82,0.16,0.84,0.17,1770418119397,89.64
0.82,0.16,0.84,0.18,1770418119398,89.64
0.82,0.17,0.84,0.18,1770418119434,89.64
0.82,0.17,0.83,0.18,1770418119442,89.64
0.8,0.17,0.83,0.18,1770418121148,89.61
0.8,0.17,0.83,0.2,1770418121149,89.61
0.8,0.18,0.83,0.2,1770418121184,89.61
0.8,0.19,0.82,0.2,1770418121188,89.61
0.8,0.19,0.81,0.2,1770418121224,89.61
0.77,0.19,0.81,0.2,1770418122059,89.6
0.77,0.19,0.81,0.23,1770418122067,89.6
0.77,0.2,0.81,0.23,1770418122093,89.6
0.77,0.2,0.8,0.23,1770418122103,89.6
0.77,0.22,0.8,0.23,1770418122126,89.6
0.77,0.22,0.78,0.23,1770418122129,89.6
0.77,0.21,0.78,0.23,1770418122718,89.55
0.77,0.2,0.79,0.23,1770418122719,89.55
0.77,0.2,0.8,0.23,1770418122720,89.55
0.78,0.2,0.8,0.23,1770418122726,89.55
0.78,0.2,0.8,0.22,1770418122727,89.55
0.79,0.2,0.8,0.22,1770418122762,89.55
0.79,0.2,0.8,0.21,1770418122763,89.55
0.79,0.19,0.8,0.21,1770418122852,89.55
0.79,0.19,0.81,0.21,1770418122858,89.55
0.8,0.19,0.81,0.21,1770418122868,89.55
0.8,0.19,0.81,0.2,1770418122878,89.55
0.8,0.18,0.81,0.2,1770418124099,89.6
0.81,0.18,0.82,0.2,1770418124117,89.6
0.81,0.18,0.82,0.19,1770418124118,89.6
0.81,0.17,0.82,0.19,1770418124271,89.6
0.82,0.17,0.83,0.19,1770418124272,89.6
0.82,0.17,0.83,0.18,1770418124273,89.6
0.81,0.17,0.83,0.18,1770418124880,89.61
0.81,0.17,0.83,0.19,1770418124881,89.61
0.8,0.17,0.83,0.19,1770418124888,89.61
0.8,0.17,0.83,0.2,1770418124903,89.61
0.8,0.18,0.83,0.2,1770418124974,89.61
0.8,0.18,0.82,0.2,1770418124977,89.61
0.81,0.18,0.82,0.2,1770418125095,89.61
0.81,0.18,0.82,0.19,1770418125104,89.61
0.79,0.18,0.82,0.19,1770418126405,89.58
0.79,0.18,0.82,0.21,1770418126412,89.58
0.79,0.19,0.82,0.21,1770418126444,89.58
0.79,0.2,0.8,0.21,1770418126445,89.58
0.79,0.19,0.8,0.21,1770418127674,89.57
0.8,0.19,0.81,0.21,1770418127676,89.57
0.8,0.19,0.81,0.2,1770418127679,89.57
0.8,0.18,0.81,0.2,1770418129413,89.59
0.8,0.18,0.82,0.2,1770418129414,89.59
0.81,0.18,0.82,0.2,1770418129415,89.59
0.81,0.18,0.82,0.19,1770418129426,89.59
0.8,0.18,0.82,0.19,1770418129639,89.59
0.8,0.18,0.82,0.2,1770418129648,89.59
0.8,0.19,0.82,0.2,1770418129681,89.59
0.8,0.19,0.81,0.2,1770418129683,89.59
0.8,0.18,0.81,0.2,1770418133337,89.6
0.8,0.18,0.82,0.2,1770418133338,89.6
0.81,0.18,0.82,0.2,1770418133345,89.6
0.81,0.18,0.82,0.19,1770418133352,89.6
0.8,0.18,0.82,0.19,1770418135068,89.56
0.8,0.18,0.82,0.2,1770418135069,89.56
0.8,0.19,0.81,0.2,1770418135070,89.56
0.79,0.19,0.81,0.2,1770418136697,89.56
0.79,0.19,0.81,0.21,1770418136701,89.56
0.78,0.19,0.81,0.21,1770418136707,89.56
0.78,0.19,0.81,0.22,1770418136724,89.56
0.78,0.2,0.81,0.22,1770418136738,89.56
0.78,0.2,0.8,0.22,1770418136740,89.56
0.78,0.21,0.8,0.22,1770418136761,89.56
0.78,0.21,0.79,0.22,1770418136762,89.56
0.77,0.21,0.79,0.22,1770418136971,89.56
0.77,0.21,0.79,0.23,1770418136972,89.56
0.77,0.22,0.79,0.23,1770418137004,89.56
0.77,0.22,0.78,0.23,1770418137006,89.56
0.76,0.22,0.78,0.23,1770418143045,89.51
0.76,0.22,0.78,0.24,1770418143067,89.51
0.76,0.23,0.78,0.24,1770418143093,89.51
0.76,0.23,0.77,0.24,1770418143112,89.51
0.75,0.23,0.77,0.24,1770418143991,89.54
0.75,0.23,0.77,0.25,1770418143992,89.54
0.75,0.24,0.77,0.25,1770418144024,89.54
0.75,0.24,0.76,0.25,1770418144025,89.54
0.74,0.24,0.76,0.25,1770418145041,89.48
0.74,0.24,0.76,0.26,1770418145042,89.48
0.74,0.25,0.76,0.26,1770418145063,89.48
0.74,0.25,0.75,0.26,1770418145064,89.48
0.74,0.18,0.75,0.26,1770418147201,89.49
0.74,0.18,0.82,0.26,1770418147202,89.49
0.74,0.23,0.82,0.26,1770418147206,89.49
0.75,0.23,0.77,0.26,1770418147213,89.49
0.75,0.23,0.77,0.25,1770418147218,89.49
0.74,0.23,0.77,0.25,1770418147431,89.49
0.74,0.23,0.77,0.26,1770418147432,89.49
0.74,0.24,0.77,0.26,1770418147455,89.49
0.74,0.24,0.76,0.26,1770418147456,89.49
0.74,0.25,0.76,0.26,1770418147472,89.49
0.74,0.25,0.75,0.26,1770418147473,89.49
0.73,0.25,0.75,0.26,1770418151547,89.46
0.73,0.25,0.75,0.27,1770418151552,89.46
0.73,0.26,0.75,0.27,1770418151582,89.46
0.73,0.26,0.74,0.27,1770418151625,89.46
0.72,0.26,0.74,0.27,1770418153401,89.45
0.72,0.26,0.74,0.28,1770418153402,89.45
0.72,0.27,0.74,0.28,1770418153448,89.45
0.72,0.27,0.73,0.28,1770418153454,89.45
0.72,0.26,0.73,0.28,1770418156457,89.47
0.73,0.26,0.74,0.28,1770418156458,89.47
0.73,0.26,0.74,0.27,1770418156459,89.47
0.72,0.26,0.74,0.27,1770418160527,89.45
0.72,0.26,0.74,0.28,1770418160528,89.45
0.72,0.27,0.74,0.28,1770418160534,89.45
0.72,0.27,0.73,0.28,1770418160535,89.45
0.71,0.27,0.73,0.28,1770418160582,89.45
0.71,0.28,0.73,0.29,1770418160585,89.45
0.71,0.28,0.72,0.29,1770418160597,89.45
0.7,0.28,0.72,0.29,1770418160959,89.45
0.7,0.28,0.72,0.3,1770418160960,89.45
0.7,0.29,0.72,0.3,1770418160993,89.45
0.7,0.29,0.71,0.3,1770418160995,89.45
0.7,0.28,0.71,0.3,1770418162063,89.44
0.71,0.28,0.72,0.3,1770418162065,89.44
0.71,0.28,0.72,0.29,1770418162071,89.44
0.71,0.27,0.72,0.29,1770418162413,89.47
0.72,0.27,0.73,0.29,1770418162417,89.47
0.72,0.27,0.73,0.28,1770418162423,89.47
0.72,0.26,0.73,0.28,1770418162873,89.47
0.72,0.26,0.74,0.28,1770418162874,89.47
0.73,0.26,0.74,0.28,1770418162877,89.47
0.73,0.26,0.74,0.27,1770418162879,89.47
0.72,0.26,0.74,0.27,1770418163299,89.47
0.72,0.26,0.74,0.28,1770418163306,89.47
0.72,0.27,0.74,0.28,1770418163347,89.47
0.72,0.27,0.73,0.28,1770418163350,89.47
0.71,0.27,0.73,0.28,1770418164018,89.47
0.71,0.27,0.73,0.29,1770418164023,89.47
0.72,0.27,0.73,0.29,1770418164043,89.47
0.72,0.27,0.73,0.28,1770418164044,89.47
0.72,0.26,0.73,0.28,1770418165482,89.45
0.72,0.26,0.74,0.28,1770418165483,89.45
0.73,0.26,0.74,0.28,1770418165486,89.45
0.73,0.26,0.74,0.27,1770418165487,89.45
0.73,0.25,0.74,0.27,1770418166024,89.45
0.73,0.25,0.75,0.27,1770418166028,89.45
0.74,0.25,0.75,0.27,1770418166036,89.45
0.74,0.25,0.75,0.26,1770418166047,89.45
0.74,0.24,0.75,0.26,1770418168050,89.49
0.75,0.24,0.76,0.26,1770418168053,89.49
0.75,0.24,0.76,0.25,1770418168068,89.49
0.75,0.23,0.76,0.25,1770418169327,89.5
0.75,0.23,0.77,0.25,1770418169331,89.5
0.76,0.23,0.77,0.25,1770418169342,89.5
0.76,0.23,0.77,0.24,1770418169343,89.5
0.76,0.22,0.77,0.24,1770418169682,89.5
0.77,0.22,0.78,0.24,1770418169697,89.5
0.77,0.22,0.78,0.23,1770418169703,89.5
0.77,0.21,0.78,0.23,1770418170449,89.55
0.77,0.21,0.79,0.23,1770418170450,89.55
0.78,0.21,0.79,0.23,1770418170454,89.55
0.78,0.21,0.79,0.22,1770418170455,89.55
0.78,0.2,0.79,0.22,1770418170683,89.55
0.79,0.2,0.8,0.22,1770418170687,89.55
0.79,0.2,0.8,0.21,1770418170692,89.55
0.79,0.19,0.8,0.21,1770418171927,89.55
0.8,0.19,0.81,0.21,1770418171930,89.55
0.8,0.19,0.81,0.2,1770418171931,89.55
0.8,0.18,0.81,0.2,1770418173278,89.58
0.8,0.18,0.82,0.2,1770418173279,89.58
0.81,0.18,0.82,0.2,1770418173294,89.58
0.81,0.18,0.82,0.19,1770418173297,89.58
0.8,0.18,0.82,0.19,1770418173567,89.58
0.8,0.18,0.82,0.2,1770418173571,89.58
0.81,0.18,0.82,0.2,1770418173771,89.58
0.81,0.18,0.82,0.19,1770418173782,89.58
0.8,0.18,0.82,0.19,1770418173883,89.58
0.8,0.18,0.82,0.2,1770418173884,89.58
0.81,0.18,0.82,0.2,1770418174051,89.58
0.81,0.18,0.82,0.19,1770418174060,89.58
0.8,0.18,0.82,0.19,1770418175481,89.54
0.8,0.18,0.82,0.2,1770418175483,89.54
0.81,0.18,0.82,0.2,1770418175484,89.54
0.81,0.18,0.82,0.19,1770418175485,89.54
0.8,0.18,0.82,0.19,1770418175829,89.54
0.8,0.18,0.82,0.2,1770418175832,89.54
0.8,0.19,0.82,0.2,1770418176095,89.54
0.8,0.19,0.81,0.2,1770418176104,89.54
0.79,0.19,0.81,0.2,1770418176137,89.54
0.79,0.19,0.81,0.21,1770418176140,89.54
0.79,0.2,0.81,0.21,1770418176150,89.54
0.79,0.2,0.8,0.21,1770418176151,89.54
0.78,0.2,0.8,0.21,1770418176573,89.53
0.78,0.2,0.8,0.22,1770418176589,89.53
0.78,0.21,0.8,0.22,1770418176616,89.53
0.78,0.21,0.79,0.22,1770418176620,89.53
0.77,0.21,0.79,0.22,1770418179144,89.53
0.77,0.21,0.79,0.23,1770418179146,89.53
0.77,0.21,0.78,0.23,1770418179184,89.53
0.77,0.22,0.78,0.23,1770418179185,89.53
0.78,0.22,0.79,0.23,1770418183411,89.52
0.78,0.21,0.79,0.22,1770418183413,89.52
0.78,0.21,0.79,0.23,1770418185322,89.53
0.77,0.21,0.79,0.23,1770418185331,89.53
0.77,0.21,0.78,0.23,1770418185362,89.53
0.77,0.22,0.78,0.23,1770418185371,89.53
0.77,0.21,0.78,0.23,1770418190965,89.52
0.77,0.21,0.79,0.23,1770418190966,89.52
0.78,0.21,0.79,0.23,1770418190968,89.52
0.78,0.21,0.79,0.22,1770418190981,89.52
0.77,0.21,0.79,0.22,1770418191195,89.52
0.77,0.22,0.79,0.23,1770418191214,89.52
0.77,0.22,0.78,0.23,1770418191220,89.52
0.77,0.22,0.79,0.23,1770418193917,89.51
0.78,0.21,0.79,0.23,1770418193937,89.51
0.78,0.21,0.79,0.22,1770418193957,89.51
0.79,0.21,0.8,0.22,1770418198438,89.53
0.79,0.2,0.8,0.21,1770418198439,89.53
0.79,0.19,0.8,0.21,1770418201063,89.54
0.8,0.19,0.81,0.21,1770418201066,89.54
0.8,0.19,0.81,0.2,1770418201078,89.54
0.8,0.18,0.81,0.2,1770418204277,89.57
0.81,0.18,0.82,0.2,1770418204278,89.57
0.81,0.18,0.82,0.19,1770418204280,89.57
0.82,0.18,0.83,0.19,1770418207068,89.55
0.82,0.17,0.83,0.18,1770418207069,89.55
0.82,0.17,0.84,0.18,1770418212865,89.58
0.83,0.16,0.84,0.18,1770418212876,89.58
0.83,0.16,0.84,0.17,1770418212877,89.58
0.82,0.16,0.84,0.17,1770418213181,89.58
0.82,0.16,0.84,0.18,1770418213182,89.58
0.82,0.16,0.83,0.18,1770418213211,89.58
0.82,0.17,0.83,0.18,1770418213219,89.58
0.81,0.17,0.83,0.18,1770418220957,89.53
0.81,0.17,0.83,0.19,1770418220958,89.53
0.81,0.18,0.83,0.19,1770418220976,89.53
0.81,0.18,0.82,0.19,1770418220977,89.53
0.81,0.17,0.82,0.19,1770418226286,89.53
0.81,0.17,0.83,0.19,1770418226288,89.53
0.81,0.18,0.83,0.19,1770418226291,89.53
0.81,0.18,0.82,0.19,1770418226292,89.53
0.82,0.18,0.83,0.19,1770418226353,89.53
0.82,0.17,0.83,0.18,1770418226354,89.53
0.81,0.17,0.83,0.18,1770418226572,89.53
0.81,0.17,0.83,0.19,1770418226590,89.53
0.82,0.17,0.83,0.19,1770418226740,89.53
0.81,0.17,0.83,0.18,1770418226763,89.53
0.81,0.17,0.83,0.19,1770418226764,89.53
0.82,0.17,0.83,0.19,1770418226808,89.53
0.82,0.17,0.83,0.18,1770418226829,89.53
0.82,0.16,0.83,0.18,1770418229617,89.57
0.82,0.16,0.84,0.18,1770418229619,89.57
0.83,0.16,0.84,0.18,1770418229629,89.57
0.83,0.16,0.84,0.17,1770418229630,89.57
0.81,0.16,0.84,0.17,1770418229865,89.57
0.81,0.16,0.84,0.19,1770418229866,89.57
0.8,0.16,0.84,0.19,1770418229879,89.57
0.8,0.16,0.84,0.2,1770418229880,89.57
0.8,0.16,0.83,0.2,1770418229892,89.57
0.8,0.17,0.83,0.2,1770418229894,89.57
0.81,0.17,0.83,0.2,1770418229917,89.57
0.81,0.17,0.83,0.19,1770418229918,89.57
0.81,0.18,0.82,0.19,1770418229924,89.57
0.8,0.18,0.82,0.19,1770418231319,89.52
0.8,0.18,0.82,0.2,1770418231320,89.52
0.8,0.19,0.82,0.2,1770418231355,89.51
0.8,0.19,0.81,0.2,1770418231357,89.51
0.79,0.19,0.81,0.2,1770418231629,89.51
0.79,0.19,0.81,0.21,1770418231640,89.51
0.79,0.2,0.81,0.21,1770418231685,89.51
0.79,0.2,0.8,0.21,1770418231686,89.51
0.79,0.2,0.8,0.22,1770418231997,89.51
0.78,0.2,0.8,0.22,1770418231998,89.51
0.79,0.2,0.8,0.22,1770418232069,89.51
0.79,0.2,0.8,0.21,1770418232079,89.51
0.79,0.2,0.8,0.22,1770418233062,89.51
0.78,0.2,0.8,0.22,1770418233063,89.51
0.79,0.2,0.8,0.21,1770418233090,89.51
0.78,0.2,0.8,0.21,1770418233355,89.52
0.78,0.2,0.8,0.22,1770418233356,89.52
0.79,0.2,0.8,0.22,1770418233602,89.52
0.79,0.2,0.8,0.21,1770418233607,89.52
0.79,0.19,0.8,0.21,1770418234493,89.51
0.8,0.19,0.81,0.21,1770418234512,89.51
0.8,0.19,0.81,0.2,1770418234515,89.51
0.78,0.19,0.81,0.2,1770418237456,89.48
0.78,0.19,0.81,0.22,1770418237457,89.48
0.78,0.2,0.81,0.22,1770418237482,89.48
0.78,0.2,0.8,0.22,1770418237483,89.48
0.78,0.21,0.8,0.22,1770418237516,89.48
0.78,0.21,0.79,0.22,1770418237522,89.48
0.77,0.21,0.79,0.22,1770418237547,89.48
0.77,0.21,0.79,0.23,1770418237554,89.48
0.77,0.22,0.79,0.23,1770418237588,89.48
0.77,0.22,0.78,0.23,1770418237602,89.48
0.76,0.22,0.78,0.23,1770418239230,89.47
0.76,0.22,0.78,0.24,1770418239232,89.47
0.76,0.23,0.78,0.24,1770418239276,89.47
0.76,0.23,0.77,0.24,1770418239277,89.47
0.75,0.23,0.77,0.24,1770418239475,89.48
0.75,0.23,0.77,0.25,1770418239479,89.48
0.75,0.24,0.77,0.25,1770418239543,89.48
0.75,0.24,0.76,0.25,1770418239544,89.48
0.74,0.24,0.76,0.25,1770418240414,89.47
0.74,0.24,0.76,0.26,1770418240437,89.47
0.74,0.25,0.76,0.26,1770418240458,89.47
0.74,0.25,0.75,0.26,1770418240462,89.47
0.74,0.24,0.75,0.26,1770418245313,89.46
0.75,0.24,0.76,0.26,1770418245317,89.46
0.75,0.24,0.76,0.25,1770418245323,89.46
0.74,0.24,0.76,0.25,1770418245536,89.47
0.74,0.24,0.76,0.26,1770418245537,89.47
0.75,0.24,0.76,0.26,1770418245586,89.47
0.75,0.24,0.76,0.25,1770418245587,89.47
0.75,0.23,0.76,0.25,1770418246356,89.47
0.75,0.23,0.77,0.25,1770418246357,89.47
0.76,0.23,0.77,0.25,1770418246363,89.47
0.76,0.23,0.77,0.24,1770418246382,89.47
0.76,0.22,0.77,0.24,1770418246490,89.47
0.76,0.22,0.78,0.24,1770418246499,89.47
0.77,0.22,0.78,0.24,1770418246517,89.47
0.77,0.22,0.78,0.23,1770418246518,89.47
0.77,0.21,0.78,0.23,1770418247771,89.49
0.77,0.21,0.79,0.23,1770418247772,89.49
0.78,0.21,0.79,0.23,1770418247785,89.49
0.78,0.21,0.79,0.22,1770418247799,89.49
0.78,0.21,0.79,0.23,1770418248342,89.5
0.77,0.21,0.79,0.23,1770418248343,89.5
0.77,0.22,0.79,0.23,1770418248381,89.5
0.77,0.22,0.78,0.23,1770418248410,89.5
0.76,0.22,0.78,0.23,1770418248489,89.5
0.76,0.22,0.78,0.24,1770418248490,89.5
0.77,0.22,0.78,0.24,1770418248518,89.5
0.77,0.22,0.78,0.23,1770418248520,89.5
0.77,0.2,0.78,0.23,1770418248588,89.5
0.77,0.2,0.8,0.23,1770418248593,89.5
0.78,0.2,0.8,0.23,1770418248606,89.5
0.78,0.2,0.8,0.22,1770418248607,89.5
0.79,0.2,0.8,0.22,1770418248644,89.5
0.79,0.2,0.8,0.21,1770418248665,89.5
0.79,0.19,0.8,0.21,1770418255766,89.51
0.79,0.19,0.81,0.21,1770418255767,89.51
0.8,0.19,0.81,0.21,1770418255776,89.51
0.8,0.19,0.81,0.2,1770418255777,89.51
0.8,0.18,0.81,0.2,1770418259613,89.53
0.81,0.18,0.82,0.2,1770418259624,89.53
0.81,0.18,0.82,0.19,1770418259625,89.53
0.8,0.18,0.82,0.19,1770418259890,89.53
0.8,0.18,0.82,0.2,1770418259918,89.53
0.8,0.19,0.82,0.2,1770418260008,89.53
0.8,0.19,0.81,0.2,1770418260013,89.53
0.8,0.18,0.81,0.2,1770418260622,89.52
0.81,0.18,0.82,0.2,1770418260623,89.52
0.81,0.18,0.82,0.19,1770418260626,89.52
0.8,0.18,0.82,0.19,1770418260832,89.52
0.8,0.18,0.82,0.2,1770418260871,89.52
0.81,0.18,0.82,0.2,1770418260921,89.52
0.81,0.18,0.82,0.19,1770418260922,89.52
0.81,0.17,0.82,0.19,1770418263906,89.52
0.81,0.17,0.83,0.19,1770418263907,89.52
0.82,0.17,0.83,0.19,1770418263915,89.52
0.82,0.17,0.83,0.18,1770418263917,89.52
0.81,0.17,0.83,0.18,1770418264139,89.52
0.81,0.17,0.83,0.19,1770418264140,89.52
0.81,0.18,0.83,0.19,1770418264760,89.53
0.81,0.18,0.82,0.19,1770418264784,89.53
0.81,0.17,0.82,0.19,1770418265170,89.53
0.81,0.17,0.83,0.19,1770418265175,89.53
0.82,0.17,0.83,0.19,1770418265178,89.53
0.82,0.17,0.83,0.18,1770418265179,89.53
0.82,0.16,0.83,0.18,1770418265370,89.53
0.83,0.16,0.84,0.18,1770418265381,89.53
0.83,0.16,0.84,0.17,1770418265384,89.53
0.82,0.16,0.84,0.17,1770418265606,89.53
0.82,0.16,0.84,0.18,1770418265621,89.53
0.83,0.16,0.84,0.18,1770418265625,89.53
0.83,0.16,0.84,0.17,1770418265626,89.53
0.82,0.16,0.84,0.17,1770418266469,89.54
0.82,0.16,0.84,0.18,1770418266470,89.54
0.83,0.16,0.84,0.18,1770418266805,89.54
0.83,0.16,0.84,0.17,1770418266807,89.54
0.83,0.16,0.85,0.17,1770418267666,89.56
0.83,0.15,0.85,0.17,1770418267667,89.56
0.84,0.15,0.85,0.17,1770418267669,89.56
0.84,0.15,0.85,0.16,1770418267677,89.56
0.84,0.15,0.86,0.16,1770418268474,89.6
0.84,0.14,0.86,0.16,1770418268475,89.6
0.85,0.14,0.86,0.16,1770418268488,89.6
0.85,0.14,0.86,0.15,1770418268499,89.6
0.85,0.13,0.86,0.15,1770418270091,89.6
0.86,0.13,0.87,0.15,1770418270096,89.6
0.86,0.13,0.87,0.14,1770418270099,89.6
0.86,0.12,0.87,0.14,1770418274230,89.59
0.86,0.12,0.88,0.14,1770418274231,89.59
0.87,0.12,0.88,0.14,1770418274239,89.59
0.87,0.12,0.88,0.13,1770418274240,89.59
0.86,0.12,0.88,0.13,1770418275051,89.61
0.86,0.12,0.88,0.14,1770418275052,89.61
0.86,0.13,0.88,0.14,1770418275108,89.61
0.86,0.13,0.87,0.14,1770418275131,89.61
0.87,0.13,0.88,0.14,1770418276287,89.6
0.87,0.12,0.88,0.13,1770418276297,89.6
0.86,0.12,0.88,0.13,1770418281402,89.59
0.86,0.12,0.88,0.14,1770418281403,89.59
0.87,0.12,0.88,0.14,1770418281405,89.59
0.87,0.12,0.88,0.13,1770418281426,89.59
0.86,0.12,0.88,0.13,1770418281684,89.59
0.86,0.12,0.88,0.14,1770418281685,89.59
0.86,0.13,0.88,0.14,1770418281726,89.59
0.86,0.13,0.87,0.14,1770418281728,89.59
0.85,0.13,0.87,0.14,1770418282927,89.57
0.85,0.13,0.87,0.15,1770418282934,89.57
0.86,0.13,0.87,0.15,1770418282979,89.57
0.86,0.13,0.87,0.14,1770418282980,89.57
0.85,0.13,0.87,0.14,1770418283492,89.57
0.85,0.13,0.87,0.15,1770418283512,89.57
0.86,0.13,0.87,0.15,1770418283537,89.57
0.86,0.13,0.87,0.14,1770418283538,89.57
0.85,0.13,0.87,0.14,1770418288354,89.58
0.85,0.13,0.87,0.15,1770418288377,89.58
0.85,0.14,0.87,0.15,1770418288380,89.58
0.85,0.14,0.86,0.15,1770418288381,89.58
0.84,0.14,0.86,0.15,1770418288574,89.58
0.84,0.14,0.86,0.16,1770418288575,89.58
0.85,0.14,0.86,0.16,1770418288916,89.58
