0.63,0.31,0.69,0.37,1770417199101,2064.22
0.63,0.28,0.69,0.37,1770417251321,2065.35
0.63,0.28,0.72,0.37,1770417251336,2065.35
0.63,0.29,0.72,0.37,1770417251367,2065.35
0.63,0.29,0.71,0.37,1770417252860,2065.47
0.63,0.28,0.71,0.37,1770417263016,2065.07
0.63,0.28,0.72,0.37,1770417263025,2065.07
0.66,0.28,0.72,0.37,1770417263081,2065.07
0.63,0.28,0.72,0.34,1770417263118,2065.07
0.63,0.28,0.72,0.37,1770417263123,2065.07
0.64,0.28,0.72,0.37,1770417263140,2065.07
0.64,0.28,0.72,0.36,1770417263158,2065.07
0.67,0.28,0.72,0.36,1770417263164,2065.07
0.67,0.28,0.72,0.33,1770417263182,2065.07
0.67,0.25,0.72,0.33,1770417269894,2067.9
0.66,0.25,0.75,0.33,1770417269901,2067.9
0.67,0.25,0.75,0.34,1770417269908,2067.9
0.67,0.25,0.75,0.33,1770417269926,2067.9
0.7,0.25,0.75,0.33,1770417269936,2067.9
0.7,0.25,0.75,0.3,1770417269960,2067.9
0.7,0.26,0.75,0.3,1770417270030,2067.9
0.7,0.26,0.74,0.3,1770417270047,2067.9
0.7,0.25,0.74,0.3,1770417270115,2067.9
0.7,0.25,0.75,0.3,1770417270116,2067.9
0.69,0.25,0.75,0.3,1770417270819,2070.99
0.71,0.25,0.75,0.31,1770417270854,2070.99
0.71,0.25,0.75,0.29,1770417270855,2070.99
0.63,0.25,0.75,0.29,1770417306363,2071.48
0.63,0.25,0.75,0.37,1770417306364,2071.48
0.65,0.25,0.75,0.37,1770417306378,2071.48
0.65,0.25,0.75,0.35,1770417306394,2071.48
0.69,0.25,0.75,0.35,1770417306403,2071.48
0.69,0.25,0.75,0.31,1770417306445,2071.48
0.69,0.26,0.75,0.31,1770417306911,2071.48
0.69,0.26,0.74,0.31,1770417306920,2071.48
0.69,0.25,0.74,0.31,1770417314883,2070.18
0.69,0.25,0.75,0.31,1770417314884,2070.18
0.69,0.24,0.75,0.31,1770417329111,2071.79
0.68,0.24,0.76,0.31,1770417329112,2071.79
0.68,0.24,0.76,0.32,1770417329113,2071.79
0.56,0.24,0.76,0.32,1770417329117,2071.79
0.69,0.24,0.76,0.44,1770417329144,2071.79
0.73,0.24,0.76,0.31,1770417329188,2071.79
0.73,0.24,0.76,0.27,1770417329189,2071.79
0.73,0.22,0.76,0.27,1770417329350,2072.92
0.73,0.22,0.78,0.27,1770417329351,2072.92
0.7,0.22,0.78,0.27,1770417329367,2072.92
0.7,0.22,0.84,0.3,1770417329368,2072.92
0.7,0.16,0.84,0.3,1770417329389,2072.92
0.75,0.16,0.84,0.3,1770417329427,2072.92
0.75,0.16,0.84,0.25,1770417329453,2072.92
0.75,0.17,0.84,0.25,1770417333289,2075.91
0.75,0.17,0.83,0.25,1770417333318,2075.91
0.75,0.16,0.83,0.25,1770417333946,2075.91
0.75,0.18,0.84,0.25,1770417333990,2075.91
0.75,0.18,0.82,0.25,1770417334183,2075.91
0.7,0.18,0.82,0.25,1770417339480,2075.83
0.64,0.16,0.84,0.3,1770417344977,2075.82
0.71,0.16,0.84,0.36,1770417344981,2075.82
0.71,0.16,0.84,0.29,1770417344999,2075.82
0.65,0.16,0.84,0.29,1770417345001,2075.82
0.64,0.16,0.84,0.35,1770417345046,2075.82
0.66,0.16,0.84,0.36,1770417345048,2075.82
0.67,0.16,0.84,0.34,1770417345083,2075.82
0.67,0.16,0.84,0.33,1770417345084,2075.82
0.64,0.16,0.84,0.33,1770417345120,2075.82
0.64,0.16,0.84,0.36,1770417345121,2075.82
0.64,0.16,0.84,0.32,1770417345158,2075.82
0.69,0.16,0.84,0.36,1770417345159,2075.82
0.69,0.16,0.84,0.31,1770417345160,2075.82
0.64,0.16,0.84,0.31,1770417345196,2075.82
0.7,0.16,0.84,0.36,1770417345206,2075.82
0.64,0.16,0.84,0.3,1770417345232,2076.6
0.71,0.16,0.84,0.36,1770417345237,2076.6
0.71,0.16,0.84,0.29,1770417345436,2076.6
0.64,0.16,0.84,0.29,1770417352185,2076.95
0.7,0.16,0.84,0.36,1770417352187,2076.95
0.7,0.16,0.84,0.3,1770417352211,2076.95
0.65,0.16,0.84,0.3,1770417352267,2076.88
0.71,0.16,0.84,0.29,1770417352268,2076.88
0.64,0.16,0.84,0.29,1770417352332,2076.88
0.64,0.16,0.84,0.36,1770417352333,2076.88
0.7,0.16,0.84,0.36,1770417352337,2076.88
0.71,0.16,0.84,0.3,1770417353410,2076.44
0.71,0.16,0.84,0.29,1770417353411,2076.44
0.64,0.16,0.84,0.29,1770417353436,2076.44
0.65,0.16,0.84,0.36,1770417353463,2076.44
0.66,0.16,0.84,0.35,1770417353488,2076.44
0.66,0.16,0.84,0.34,1770417353489,2076.44
0.64,0.16,0.84,0.34,1770417353568,2076.44
0.67,0.16,0.84,0.36,1770417353571,2076.44
0.67,0.16,0.84,0.33,1770417353597,2076.44
0.64,0.16,0.84,0.33,1770417353644,2076.44
0.68,0.16,0.84,0.36,1770417353646,2076.44
0.69,0.16,0.84,0.32,1770417353719,2076.44
0.69,0.16,0.84,0.31,1770417353720,2076.44
0.64,0.16,0.84,0.31,1770417353745,2076.44
0.7,0.16,0.84,0.36,1770417353750,2076.44
0.7,0.16,0.84,0.3,1770417353751,2076.44
0.64,0.16,0.84,0.3,1770417354073,2076.44
0.64,0.16,0.84,0.36,1770417354074,2076.44
0.71,0.16,0.84,0.36,1770417354076,2076.44
0.64,0.16,0.84,0.29,1770417354100,2076.44
0.65,0.16,0.84,0.36,1770417354125,2076.44
0.65,0.16,0.84,0.35,1770417354126,2076.44
0.66,0.16,0.84,0.35,1770417354177,2076.44
0.66,0.16,0.84,0.34,1770417354178,2076.44
0.64,0.16,0.84,0.34,1770417354229,2076.44
0.67,0.16,0.84,0.36,1770417354230,2076.44
0.64,0.16,0.84,0.33,1770417354277,2076.44
0.68,0.16,0.84,0.36,1770417354278,2076.44
0.69,0.16,0.84,0.32,1770417354303,2076.44
0.69,0.16,0.84,0.31,1770417354304,2076.44
0.64,0.16,0.84,0.31,1770417354331,2076.44
0.7,0.16,0.84,0.36,1770417354332,2076.44
0.71,0.16,0.84,0.3,1770417354380,2076.44
0.71,0.16,0.84,0.29,1770417354381,2076.44
0.7,0.16,0.84,0.29,1770417356019,2076.45
0.64,0.16,0.84,0.3,1770417356091,2076.45
0.71,0.16,0.84,0.36,1770417356092,2076.45
0.64,0.16,0.84,0.29,1770417357408,2076.44
0.7,0.16,0.84,0.36,1770417357411,2076.44
0.64,0.16,0.84,0.3,1770417357432,2076.44
0.65,0.16,0.84,0.36,1770417357435,2076.44
0.66,0.16,0.84,0.35,1770417357484,2076.44
0.66,0.16,0.84,0.34,1770417357491,2076.44
0.64,0.16,0.84,0.34,1770417357510,2076.44
0.64,0.16,0.84,0.33,1770417357565,2076.44
0.68,0.16,0.84,0.36,1770417357566,2076.44
0.68,0.16,0.84,0.32,1770417357567,2076.44
0.69,0.16,0.84,0.32,1770417357595,2076.44
0.69,0.16,0.84,0.31,1770417357641,2076.44
0.64,0.16,0.84,0.31,1770417357644,2076.44
0.64,0.16,0.84,0.36,1770417357645,2076.44
0.7,0.16,0.84,0.3,1770417358245,2076.07
0.64,0.16,0.84,0.3,1770417359701,2075.88
0.69,0.16,0.84,0.36,1770417359703,2075.88
0.69,0.16,0.84,0.31,1770417359734,2075.88
0.65,0.16,0.84,0.31,1770417360197,2075.88
0.65,0.16,0.84,0.35,1770417360198,2075.88
0.64,0.16,0.84,0.35,1770417360199,2075.88
0.68,0.16,0.84,0.36,1770417360206,2075.88
0.69,0.16,0.84,0.32,1770417361108,2075.33
0.69,0.16,0.84,0.31,1770417361208,2075.33
0.7,0.16,0.84,0.31,1770417361826,2075.33
0.7,0.16,0.84,0.3,1770417361827,2075.33
0.64,0.16,0.84,0.3,1770417361851,2075.33
0.65,0.16,0.84,0.36,1770417361874,2075.33
0.64,0.16,0.84,0.35,1770417361944,2075.33
0.66,0.16,0.84,0.36,1770417361946,2075.33
0.67,0.16,0.84,0.34,1770417361972,2075.33
0.67,0.16,0.84,0.33,1770417362013,2075.33
0.68,0.16,0.84,0.33,1770417362014,2075.33
0.68,0.16,0.84,0.32,1770417362017,2075.33
0.64,0.16,0.84,0.32,1770417362088,2075.33
0.69,0.16,0.84,0.36,1770417362092,2075.33
0.69,0.16,0.84,0.31,1770417362121,2075.33
0.72,0.16,0.84,0.31,1770417365007,2075.71
0.72,0.17,0.84,0.28,1770417365100,2075.71
0.69,0.17,0.83,0.28,1770417365615,2075.6
0.72,0.17,0.83,0.31,1770417365669,2075.6
0.72,0.17,0.83,0.28,1770417366209,2075.8
0.72,0.16,0.83,0.28,1770417367551,2073.82
0.72,0.18,0.84,0.28,1770417367590,2073.82
0.72,0.18,0.82,0.28,1770417368098,2073.82
0.68,0.18,0.82,0.28,1770417374823,2074.6
0.68,0.18,0.82,0.32,1770417374824,2074.6
0.73,0.18,0.82,0.32,1770417374869,2074.6
0.73,0.18,0.82,0.27,1770417374870,2074.6
0.69,0.18,0.82,0.27,1770417379481,2075.47
0.69,0.18,0.82,0.31,1770417379482,2075.47
0.74,0.18,0.82,0.31,1770417379523,2075.47
0.74,0.18,0.82,0.26,1770417380490,2075.99
0.7,0.18,0.82,0.26,1770417389606,2076.36
0.7,0.18,0.82,0.3,1770417389627,2076.36
0.75,0.18,0.82,0.3,1770417389653,2076.36
0.75,0.18,0.82,0.25,1770417389654,2076.36
0.75,0.16,0.82,0.25,1770417389971,2076.36
0.75,0.17,0.84,0.25,1770417390029,2076.36
0.75,0.17,0.83,0.25,1770417390748,2077.28
0.7,0.17,0.83,0.25,1770417391174,2077.28
0.76,0.17,0.83,0.3,1770417391250,2077.58
0.76,0.17,0.83,0.24,1770417391251,2077.58
0.76,0.16,0.83,0.24,1770417391767,2077.58
0.76,0.16,0.84,0.24,1770417391773,2077.58
0.72,0.16,0.84,0.24,1770417391789,2077.58
0.72,0.16,0.84,0.28,1770417391793,2077.58
0.64,0.16,0.84,0.28,1770417391800,2077.58
0.65,0.16,0.84,0.36,1770417391826,2077.58
0.77,0.16,0.84,0.35,1770417391833,2077.58
0.77,0.16,0.84,0.23,1770417391834,2077.58
0.72,0.16,0.84,0.23,1770417393378,2079.65
0.78,0.16,0.84,0.28,1770417393423,2079.65
0.78,0.16,0.84,0.22,1770417394542,2080.03
0.74,0.16,0.84,0.22,1770417398054,2078.8
0.74,0.16,0.84,0.26,1770417398079,2078.8
0.79,0.16,0.84,0.26,1770417398133,2078.8
0.79,0.16,0.84,0.21,1770417398158,2078.8
0.64,0.16,0.84,0.21,1770417398331,2081.9
0.75,0.16,0.84,0.36,1770417398340,2081.9
0.75,0.16,0.84,0.25,1770417398360,2081.9
0.8,0.16,0.84,0.35,1770417398372,2081.9
0.8,0.16,0.84,0.2,1770417398373,2081.9
0.73,0.16,0.84,0.2,1770417405666,2079.19
0.68,0.16,0.84,0.27,1770417405689,2079.19
0.71,0.16,0.84,0.32,1770417405690,2079.19
0.68,0.16,0.84,0.29,1770417405716,2079.19
0.76,0.16,0.84,0.31,1770417405758,2079.19
0.76,0.16,0.84,0.24,1770417405762,2079.19
0.7,0.16,0.84,0.24,1770417506410,2078.6
0.77,0.16,0.84,0.3,1770417506449,2078.6
0.77,0.16,0.84,0.23,1770417506450,2078.6
0.72,0.16,0.84,0.23,1770417508403,2079.42
0.72,0.16,0.84,0.28,1770417508416,2079.42
0.73,0.16,0.84,0.28,1770417508439,2079.42
0.73,0.16,0.84,0.27,1770417508449,2079.42
0.79,0.16,0.84,0.27,1770417508457,2079.42
0.79,0.16,0.84,0.21,1770417508458,2079.42
0.73,0.16,0.84,0.21,1770417511954,2079.22
0.73,0.16,0.84,0.27,1770417511985,2079.22
0.8,0.16,0.84,0.27,1770417511998,2079.22
0.8,0.16,0.84,0.2,1770417512021,2079.22
0.74,0.16,0.84,0.2,1770417512134,2079.22
0.81,0.16,0.84,0.26,1770417512174,2079.22
0.81,0.16,0.84,0.19,1770417512175,2079.22
0.75,0.16,0.84,0.19,1770417515847,2083.9
0.75,0.16,0.84,0.25,1770417515872,2083.9
0.82,0.16,0.84,0.25,1770417515889,2083.9
0.82,0.16,0.84,0.18,1770417515959,2083.9
0.75,0.16,0.84,0.18,1770417524686,2083.07
0.68,0.16,0.84,0.25,1770417524708,2083.07
0.68,0.16,0.84,0.32,1770417524709,2083.07
0.72,0.16,0.84,0.32,1770417524716,2083.07
0.68,0.16,0.84,0.28,1770417524735,2083.07
0.69,0.16,0.84,0.32,1770417524737,2083.07
0.81,0.16,0.84,0.31,1770417524767,2083.07
0.81,0.16,0.84,0.19,1770417524786,2083.07
0.74,0.16,0.84,0.19,1770417546157,2081.41
0.68,0.16,0.84,0.26,1770417546182,2081.41
0.7,0.16,0.84,0.32,1770417546183,2081.41
0.79,0.16,0.84,0.3,1770417546195,2081.27
0.79,0.16,0.84,0.21,1770417546223,2081.27
0.69,0.16,0.84,0.21,1770417547590,2079.72
0.77,0.16,0.84,0.31,1770417547628,2079.72
0.77,0.16,0.84,0.23,1770417547655,2079.72
0.69,0.16,0.84,0.23,1770417550904,2079.13
0.64,0.16,0.84,0.31,1770417551649,2078.96
0.68,0.16,0.84,0.36,1770417551657,2078.96
0.68,0.16,0.84,0.32,1770417551709,2078.96
0.65,0.16,0.84,0.32,1770417551727,2078.96
0.65,0.16,0.84,0.35,1770417551728,2078.96
0.69,0.16,0.84,0.35,1770417551733,2078.96
0.69,0.16,0.84,0.31,1770417552312,2078.46
0.68,0.16,0.84,0.31,1770417552323,2078.46
0.68,0.16,0.84,0.32,1770417552324,2078.46
0.64,0.16,0.84,0.32,1770417554728,2078.12
0.69,0.16,0.84,0.36,1770417554735,2078.12
0.69,0.16,0.84,0.31,1770417554736,2078.12
0.7,0.16,0.84,0.31,1770417681004,2073.47
0.7,0.2,0.84,0.3,1770417681050,2073.47
0.7,0.2,0.8,0.3,1770417681196,2073.47
0.69,0.2,0.8,0.3,1770417685205,2073.59
0.71,0.2,0.8,0.31,1770417685252,2073.8
0.71,0.2,0.8,0.29,1770417685818,2073.8
0.71,0.16,0.8,0.29,1770417714990,2072.17
0.71,0.21,0.84,0.29,1770417715040,2072.17
0.71,0.21,0.79,0.29,1770417717557,2072.02
0.69,0.21,0.79,0.29,1770417740660,2074.63
0.72,0.21,0.79,0.31,1770417740706,2074.63
0.72,0.21,0.79,0.28,1770417740865,2074.63
0.72,0.16,0.79,0.28,1770417741166,2074.63
0.72,0.2,0.84,0.28,1770417741210,2074.63
0.72,0.2,0.8,0.28,1770417741211,2074.63
0.69,0.2,0.8,0.28,1770417813732,2075.89
0.69,0.2,0.8,0.31,1770417813733,2075.89
0.73,0.2,0.8,0.31,1770417813786,2075.89
0.73,0.2,0.8,0.27,1770417813787,2075.89
0.73,0.16,0.8,0.27,1770417814004,2075.89
0.73,0.16,0.84,0.27,1770417814025,2075.89
0.73,0.19,0.84,0.27,1770417814041,2075.89
0.73,0.19,0.81,0.27,1770417814057,2075.89
0.69,0.19,0.81,0.27,1770417816193,2076.9
0.74,0.19,0.81,0.31,1770417816243,2077.15
0.74,0.19,0.81,0.26,1770417819134,2077.47
0.74,0.16,0.81,0.26,1770417820190,2077.5
0.74,0.18,0.84,0.26,1770417820225,2077.5
0.74,0.18,0.82,0.26,1770417820226,2077.5
0.74,0.16,0.82,0.26,1770417866185,2073.89
0.74,0.19,0.84,0.26,1770417866247,2073.5
0.74,0.19,0.81,0.26,1770417866248,2073.5
0.69,0.19,0.81,0.26,1770417867594,2073.35
0.69,0.19,0.81,0.31,1770417867595,2073.35
0.7,0.19,0.81,0.31,1770417868247,2073.35
0.7,0.19,0.81,0.3,1770417868268,2073.22
0.7,0.16,0.81,0.3,1770417869844,2072.85
0.7,0.2,0.84,0.3,1770417869889,2072.85
0.7,0.2,0.8,0.3,1770417869906,2072.85
0.7,0.16,0.8,0.3,1770417869935,2072.85
0.7,0.16,0.84,0.3,1770417869952,2072.85
0.7,0.21,0.84,0.3,1770417869968,2072.85
0.7,0.21,0.79,0.3,1770417869969,2072.85
0.7,0.16,0.79,0.3,1770417881174,2070.99
0.7,0.16,0.84,0.3,1770417881175,2070.99
0.7,0.22,0.84,0.3,1770417881222,2071.04
0.7,0.22,0.78,0.3,1770417888566,2071.04
0.69,0.22,0.78,0.3,1770417890448,2071.05
0.69,0.16,0.84,0.31,1770417891634,2071.05
0.69,0.23,0.84,0.31,1770417911921,2070.55
0.69,0.23,0.77,0.31,1770417925152,2070.2
0.7,0.23,0.77,0.31,1770417925262,2070.62
0.7,0.23,0.77,0.3,1770417925699,2070.62
0.69,0.23,0.77,0.3,1770417976918,2070.73
0.69,0.23,0.77,0.31,1770417976941,2070.73
0.69,0.16,0.77,0.31,1770417985619,2069.82
0.69,0.16,0.84,0.31,1770417985620,2069.82
0.69,0.24,0.84,0.31,1770417985657,2069.82
0.69,0.24,0.76,0.31,1770417985658,2069.82
0.69,0.16,0.76,0.31,1770417988426,2069.26
0.69,0.24,0.84,0.31,1770417988575,2069.26
0.69,0.16,0.76,0.31,1770417988782,2069.26
0.69,0.24,0.84,0.31,1770417988836,2069.26
0.69,0.16,0.76,0.31,1770417989151,2069.26
0.69,0.25,0.84,0.31,1770417989274,2069.05
0.69,0.25,0.75,0.31,1770417990179,2069.05
0.69,0.16,0.75,0.31,1770417998268,2069.26
0.69,0.16,0.84,0.31,1770417998269,2069.26
0.69,0.26,0.84,0.31,1770417998342,2069.26
0.69,0.26,0.74,0.31,1770417999787,2067.74
0.7,0.26,0.74,0.31,1770418027848,2070.4
0.7,0.26,0.74,0.3,1770418027849,2070.4
0.7,0.16,0.74,0.3,1770418028387,2070.63
0.7,0.24,0.84,0.3,1770418028427,2070.63
0.7,0.24,0.76,0.3,1770418028637,2070.63
0.7,0.16,0.76,0.3,1770418034073,2072.27
0.7,0.16,0.84,0.3,1770418034074,2072.27
0.7,0.23,0.84,0.3,1770418034113,2072.27
0.7,0.23,0.77,0.3,1770418037031,2072.88
0.7,0.16,0.77,0.3,1770418039107,2073.05
0.7,0.22,0.84,0.3,1770418039109,2073.05
0.69,0.22,0.78,0.3,1770418042719,2073.95
0.71,0.22,0.78,0.31,1770418042827,2073.95
0.71,0.22,0.78,0.29,1770418042857,2073.95
0.71,0.16,0.78,0.29,1770418049099,2074.32
0.71,0.16,0.84,0.29,1770418049100,2074.32
0.71,0.21,0.84,0.29,1770418049151,2074.32
0.71,0.21,0.79,0.29,1770418049182,2074.32
0.69,0.21,0.79,0.29,1770418071513,2074.78
0.72,0.21,0.79,0.31,1770418071544,2074.78
0.72,0.21,0.79,0.28,1770418071545,2074.78
0.72,0.16,0.79,0.28,1770418088167,2075.74
0.72,0.2,0.84,0.28,1770418088213,2075.74
0.72,0.2,0.8,0.28,1770418088214,2075.74
0.69,0.2,0.8,0.28,1770418090208,2075.74
0.73,0.2,0.8,0.31,1770418090245,2075.74
0.73,0.2,0.8,0.27,1770418092452,2076.09
0.73,0.16,0.8,0.27,1770418092857,2076.09
0.73,0.16,0.84,0.27,1770418092913,2076.09
0.7,0.16,0.84,0.27,1770418098670,2076.8
0.69,0.16,0.84,0.3,1770418098683,2076.8
0.74,0.16,0.84,0.31,1770418098719,2076.8
0.74,0.16,0.84,0.26,1770418098733,2076.8
0.7,0.16,0.84,0.26,1770418101071,2077.53
0.75,0.16,0.84,0.3,1770418101165,2077.53
0.75,0.16,0.84,0.25,1770418102666,2078.01
0.73,0.16,0.84,0.25,1770418116569,2078.66
0.74,0.16,0.84,0.27,1770418116576,2078.66
0.74,0.16,0.84,0.26,1770418116588,2078.66
0.79,0.16,0.84,0.26,1770418116604,2078.66
0.79,0.16,0.84,0.21,1770418116620,2078.66
0.72,0.16,0.84,0.21,1770418154200,2078.94
0.69,0.16,0.84,0.28,1770418154224,2078.94
0.69,0.16,0.84,0.31,1770418154226,2078.94
0.78,0.16,0.84,0.31,1770418154244,2078.94
0.78,0.16,0.84,0.22,1770418155817,2078.18
0.69,0.16,0.84,0.22,1770418158503,2077.53
0.69,0.16,0.84,0.31,1770418158526,2077.53
0.74,0.16,0.84,0.31,1770418158589,2077.53
0.74,0.16,0.84,0.26,1770418158590,2077.53
0.69,0.16,0.84,0.26,1770418168515,2077.55
0.75,0.16,0.84,0.31,1770418168571,2077.55
0.75,0.16,0.84,0.25,1770418169183,2077.55
0.7,0.16,0.84,0.25,1770418171494,2078.62
0.76,0.16,0.84,0.3,1770418171540,2078.62
0.76,0.16,0.84,0.24,1770418171541,2078.62
0.72,0.16,0.84,0.24,1770418267443,2079.14
0.77,0.16,0.84,0.28,1770418267729,2079.14
0.77,0.16,0.84,0.23,1770418270134,2079.63
0.73,0.16,0.84,0.23,1770418272657,2080.0
0.77,0.16,0.84,0.27,1770418272715,2080.0
0.73,0.16,0.84,0.23,1770418272787,2080.0
0.78,0.16,0.84,0.27,1770418272829,2080.0
0.78,0.16,0.84,0.22,1770418272830,2080.0
0.69,0.16,0.84,0.22,1770418389790,2076.51
0.69,0.16,0.84,0.31,1770418389791,2076.51
0.72,0.16,0.84,0.31,1770418389805,2076.51
0.72,0.16,0.84,0.28,1770418389806,2076.51
0.77,0.16,0.84,0.28,1770418389819,2076.51
0.77,0.16,0.84,0.23,1770418393192,2075.48
0.75,0.16,0.84,0.23,1770418495811,2077.92
0.78,0.16,0.84,0.25,1770418495851,2077.92
0.78,0.16,0.84,0.22,1770418495853,2077.92
0.76,0.16,0.84,0.22,1770418495886,2077.92
0.79,0.16,0.84,0.24,1770418495944,2077.92
0.79,0.16,0.84,0.21,1770418495993,2077.92
0.8,0.16,0.84,0.21,1770418500281,2080.02
0.8,0.16,0.84,0.2,1770418501280,2080.01
0.76,0.16,0.84,0.2,1770418522861,2077.39
0.76,0.16,0.84,0.24,1770418522862,2077.39
0.79,0.16,0.84,0.24,1770418522926,2077.39
0.79,0.16,0.84,0.21,1770418523935,2077.29
0.75,0.16,0.84,0.21,1770418528173,2076.45
0.78,0.16,0.84,0.25,1770418528216,2076.45
0.78,0.16,0.84,0.22,1770418530058,2076.31
0.76,0.16,0.84,0.22,1770418567378,2075.44
0.77,0.16,0.84,0.24,1770418567437,2075.44
0.77,0.16,0.84,0.23,1770418570185,2075.28
0.78,0.16,0.84,0.23,1770418571110,2075.42
0.78,0.16,0.84,0.22,1770418574848,2075.61
0.76,0.16,0.84,0.22,1770418583101,2075.25
0.77,0.16,0.84,0.24,1770418583169,2075.25
0.77,0.16,0.84,0.23,1770418590501,2075.0
0.78,0.16,0.84,0.23,1770418613837,2075.34
0.78,0.16,0.84,0.22,1770418625355,2075.47
0.79,0.16,0.84,0.22,1770418659524,2075.8
0.79,0.16,0.84,0.21,1770418662810,2075.8
0.78,0.16,0.84,0.21,1770418684981,2075.37
0.78,0.16,0.84,0.22,1770418685069,2075.37
0.76,0.16,0.84,0.22,1770418698395,2073.82
0.77,0.16,0.84,0.24,1770418698483,2073.82
0.77,0.16,0.84,0.23,1770418699917,2073.54
0.78,0.16,0.84,0.23,1770418715766,2073.72
0.78,0.16,0.84,0.22,1770418718786,2074.27
0.79,0.16,0.84,0.22,1770418719058,2074.27
0.79,0.16,0.84,0.21,1770418719295,2074.55
0.77,0.16,0.84,0.21,1770418736681,2074.64
0.78,0.16,0.84,0.23,1770418736788,2074.64
0.78,0.16,0.84,0.22,1770418736897,2074.64
0.76,0.16,0.83,0.22,1770418743813,2071.55
0.76,0.17,0.83,0.24,1770418743816,2071.55
0.77,0.17,0.83,0.24,1770418755794,2073.0
0.77,0.17,0.83,0.23,1770418755795,2073.0
0.78,0.17,0.83,0.23,1770418761501,2073.57
0.78,0.17,0.83,0.22,1770418761544,2073.57
0.79,0.17,0.83,0.22,1770418762334,2074.25
0.79,0.17,0.83,0.21,1770418762472,2074.25
0.79,0.16,0.83,0.21,1770418762776,2074.25
0.79,0.16,0.84,0.21,1770418762777,2074.25
0.78,0.16,0.84,0.21,1770418767675,2075.26
0.78,0.16,0.84,0.22,1770418767935,2075.26
0.79,0.16,0.84,0.22,1770418784097,2074.78
0.79,0.16,0.84,0.21,1770418784465,2075.37
0.77,0.16,0.84,0.21,1770418790617,2075.16
0.77,0.16,0.84,0.23,1770418790618,2075.16
0.69,0.16,0.84,0.23,1770418801031,2075.1
0.69,0.16,0.84,0.31,1770418801032,2075.1
0.76,0.16,0.84,0.31,1770418801037,2075.1
0.76,0.16,0.84,0.24,1770418801052,2075.1
0.7,0.16,0.84,0.24,1770418801930,2074.26
0.77,0.16,0.84,0.3,1770418801936,2074.26
0.77,0.16,0.84,0.23,1770418801937,2074.26
0.69,0.16,0.84,0.23,1770418802018,2074.26
0.76,0.16,0.84,0.31,1770418802021,2074.26
0.69,0.16,0.84,0.24,1770418802049,2074.26
0.69,0.16,0.84,0.31,1770418802050,2074.26
0.7,0.16,0.84,0.31,1770418802057,2074.26
0.69,0.16,0.84,0.3,1770418802088,2074.26
0.71,0.16,0.84,0.31,1770418802092,2074.26
0.69,0.16,0.84,0.29,1770418802134,2074.26
0.69,0.16,0.84,0.28,1770418802169,2074.26
0.73,0.16,0.84,0.31,1770418802179,2074.26
0.73,0.16,0.84,0.27,1770418802211,2074.26
0.7,0.16,0.84,0.27,1770418802250,2074.43
0.69,0.16,0.84,0.26,1770418802323,2074.43
0.75,0.16,0.84,0.31,1770418802351,2074.43
0.75,0.16,0.84,0.25,1770418802399,2074.43
0.69,0.16,0.84,0.25,1770418802400,2074.43
0.76,0.16,0.84,0.31,1770418802407,2074.43
0.69,0.16,0.84,0.24,1770418802707,2074.43
0.77,0.16,0.84,0.31,1770418802710,2074.43
0.77,0.16,0.84,0.23,1770418802737,2074.43
0.78,0.16,0.84,0.23,1770418805469,2075.0
0.78,0.16,0.84,0.22,1770418805470,2075.0
0.79,0.16,0.84,0.22,1770418815864,2075.66
0.79,0.16,0.84,0.21,1770418825191,2076.05
0.78,0.16,0.84,0.21,1770418834543,2075.46
0.78,0.16,0.84,0.22,1770418834682,2075.46
0.76,0.16,0.84,0.22,1770418857679,2074.12
0.77,0.16,0.84,0.24,1770418857768,2074.12
0.77,0.16,0.84,0.23,1770418857769,2074.12
0.76,0.16,0.84,0.23,1770418861498,2073.4
0.76,0.16,0.84,0.24,1770418861499,2073.4
0.77,0.16,0.84,0.24,1770418885306,2073.28
0.76,0.16,0.84,0.23,1770418885326,2073.28
0.76,0.16,0.84,0.24,1770418885378,2073.28
0.77,0.16,0.84,0.24,1770418888137,2073.45
0.77,0.16,0.84,0.23,1770418888149,2073.45
0.78,0.16,0.84,0.23,1770418888243,2073.39
0.78,0.16,0.84,0.22,1770418888295,2073.39
0.69,0.16,0.84,0.22,1770418888308,2073.39
0.69,0.16,0.84,0.31,1770418888309,2073.39
0.79,0.16,0.84,0.31,1770418888312,2073.39
0.69,0.16,0.84,0.21,1770418888333,2073.39
0.7,0.16,0.84,0.31,1770418888338,2073.39
0.7,0.16,0.84,0.3,1770418888339,2073.39
0.78,0.16,0.84,0.3,1770418888344,2073.39
0.78,0.16,0.84,0.22,1770418888345,2073.39
0.79,0.16,0.84,0.22,1770418888412,2073.39
0.78,0.16,0.84,0.21,1770418888514,2073.39
0.78,0.16,0.84,0.22,1770418888515,2073.39
0.77,0.16,0.84,0.22,1770418906678,2074.12
0.77,0.16,0.84,0.23,1770418906754,2074.12
0.78,0.16,0.84,0.23,1770418927699,2073.53
0.78,0.16,0.84,0.22,1770418931766,2074.22
0.77,0.16,0.84,0.22,1770418945114,2074.16
0.77,0.16,0.84,0.23,1770418945246,2074.17
0.76,0.16,0.84,0.23,1770418951268,2073.26
0.76,0.16,0.84,0.24,1770418951360,2073.26
0.77,0.16,0.84,0.24,1770418952158,2073.26
0.77,0.16,0.84,0.23,1770418952473,2073.16
0.78,0.16,0.84,0.23,1770418958736,2073.81
0.78,0.16,0.84,0.22,1770418958737,2073.81
0.79,0.16,0.84,0.22,1770418973990,2074.7
0.79,0.16,0.84,0.21,1770418974244,2074.96
0.8,0.16,0.84,0.21,1770418974614,2074.96
0.8,0.16,0.84,0.2,1770418974619,2074.96
0.81,0.16,0.84,0.2,1770418976176,2076.09
0.81,0.16,0.84,0.19,1770418976184,2076.09
0.82,0.16,0.84,0.19,1770418977302,2077.53
0.82,0.16,0.84,0.18,1770418977303,2077.53
0.81,0.16,0.84,0.18,1770418983094,2078.14
0.83,0.16,0.84,0.17,1770418983109,2078.14
0.82,0.16,0.84,0.17,1770418983546,2078.7
0.82,0.16,0.84,0.18,1770418984602,2078.6
0.7,0.16,0.84,0.18,1770418987478,2077.91
0.81,0.16,0.84,0.3,1770418987479,2077.91
0.83,0.16,0.84,0.19,1770418987481,2077.91
0.83,0.16,0.84,0.17,1770418987513,2077.91
0.81,0.16,0.84,0.17,1770418987514,2077.91
0.81,0.16,0.84,0.19,1770418987555,2077.91
0.82,0.16,0.84,0.19,1770418987558,2077.91
0.83,0.16,0.84,0.18,1770418987603,2077.91
0.83,0.16,0.84,0.17,1770418987629,2077.91
0.82,0.16,0.84,0.17,1770418987746,2077.91
0.81,0.16,0.84,0.18,1770418989049,2078.35
0.81,0.16,0.84,0.17,1770418989461,2078.63
0.82,0.16,0.84,0.19,1770418989464,2078.63
0.82,0.16,0.84,0.18,1770418991002,2078.39
0.8,0.16,0.84,0.18,1770418991276,2078.39
0.81,0.16,0.84,0.2,1770418991282,2078.39
0.8,0.16,0.84,0.19,1770418991495,2077.91
0.82,0.16,0.84,0.2,1770418991502,2077.91
0.8,0.16,0.84,0.18,1770418991676,2077.91
0.81,0.16,0.84,0.2,1770418991678,2077.91
0.8,0.16,0.84,0.19,1770418991754,2077.91
0.82,0.16,0.84,0.2,1770418991759,2077.91
0.82,0.16,0.84,0.18,1770418991766,2077.91
0.83,0.16,0.84,0.18,1770418991784,2077.91
0.83,0.16,0.84,0.17,1770418991807,2077.91
0.83,0.13,0.84,0.17,1770418996921,2080.23
0.83,0.13,0.87,0.17,1770418996955,2080.23
0.84,0.13,0.87,0.17,1770418996971,2080.23
0.84,0.13,0.87,0.16,1770418996972,2080.23
0.85,0.13,0.87,0.16,1770418997140,2080.23
0.85,0.13,0.87,0.15,1770418997141,2080.23
0.84,0.13,0.87,0.15,1770418997229,2080.23
0.84,0.13,0.87,0.16,1770418997230,2080.23
0.85,0.13,0.87,0.16,1770418998510,2080.4
0.85,0.13,0.87,0.15,1770418998511,2080.4
0.83,0.13,0.87,0.15,1770418998528,2080.4
0.84,0.13,0.87,0.17,1770418998587,2080.4
0.83,0.13,0.87,0.16,1770418998642,2080.4
0.85,0.13,0.87,0.17,1770418998643,2080.4
0.85,0.08,0.87,0.15,1770418999128,2080.4
0.85,0.12,0.92,0.15,1770418999132,2080.4
0.85,0.12,0.88,0.15,1770418999325,2081.34
0.86,0.12,0.88,0.15,1770419001885,2081.06
0.86,0.12,0.88,0.14,1770419001886,2081.06
0.83,0.12,0.88,0.14,1770419001928,2081.06
0.84,0.12,0.88,0.17,1770419001953,2081.06
0.85,0.12,0.88,0.16,1770419001981,2081.06
0.85,0.12,0.88,0.15,1770419004406,2081.43
0.83,0.12,0.88,0.15,1770419004409,2081.43
0.86,0.12,0.88,0.17,1770419004412,2081.43
0.86,0.12,0.88,0.14,1770419004758,2081.43
0.85,0.12,0.88,0.14,1770419004759,2081.43
0.85,0.12,0.88,0.15,1770419004760,2081.43
0.83,0.12,0.88,0.15,1770419010072,2081.42
0.83,0.12,0.88,0.17,1770419010073,2081.42
0.84,0.12,0.88,0.16,1770419010346,2081.43
0.83,0.12,0.88,0.16,1770419010728,2081.43
0.85,0.12,0.88,0.17,1770419010729,2081.43
0.85,0.12,0.88,0.15,1770419010741,2081.43
0.85,0.08,0.88,0.15,1770419010758,2081.43
0.85,0.08,0.92,0.15,1770419010782,2081.43
0.86,0.08,0.92,0.15,1770419011078,2081.43
0.86,0.08,0.92,0.14,1770419011087,2081.43
0.85,0.08,0.92,0.14,1770419011350,2083.07
0.85,0.08,0.92,0.15,1770419011499,2083.07
0.86,0.08,0.92,0.15,1770419014267,2082.64
0.86,0.08,0.92,0.14,1770419014351,2082.58
0.85,0.08,0.92,0.14,1770419014512,2082.58
0.85,0.08,0.92,0.15,1770419014590,2082.58
0.86,0.08,0.92,0.15,1770419014591,2082.58
0.86,0.08,0.92,0.14,1770419015227,2082.58
0.85,0.08,0.92,0.14,1770419015343,2083.35
0.85,0.08,0.92,0.15,1770419015347,2083.35
0.86,0.08,0.92,0.15,1770419015427,2083.35
0.85,0.08,0.92,0.14,1770419015492,2083.35
0.85,0.08,0.92,0.15,1770419015493,2083.35
0.86,0.08,0.92,0.15,1770419015574,2083.35
0.85,0.08,0.92,0.14,1770419015627,2083.35
0.85,0.08,0.92,0.15,1770419015643,2083.35
0.86,0.08,0.92,0.15,1770419016142,2083.35
0.86,0.08,0.92,0.14,1770419016143,2083.35
0.85,0.08,0.92,0.14,1770419017355,2083.33
0.85,0.08,0.92,0.15,1770419017356,2083.33
0.86,0.08,0.92,0.15,1770419017483,2083.33
0.85,0.08,0.92,0.14,1770419017522,2083.33
0.85,0.08,0.92,0.15,1770419017555,2083.33
0.86,0.08,0.92,0.15,1770419017615,2083.33
0.85,0.08,0.92,0.14,1770419018173,2083.33
0.85,0.08,0.92,0.15,1770419018175,2083.33
0.86,0.08,0.92,0.15,1770419018250,2083.33
0.86,0.08,0.92,0.14,1770419018251,2083.33
0.85,0.08,0.92,0.14,1770419018767,2083.33
0.85,0.08,0.92,0.15,1770419018868,2083.33
0.85,0.09,0.92,0.15,1770419019517,2082.64
0.84,0.09,0.91,0.15,1770419020415,2082.45
0.84,0.09,0.91,0.16,1770419020418,2082.45
0.85,0.09,0.91,0.16,1770419021289,2081.88
0.85,0.09,0.91,0.15,1770419021290,2081.88
0.84,0.09,0.91,0.15,1770419022121,2081.88
0.84,0.09,0.91,0.16,1770419022201,2081.88
0.85,0.09,0.91,0.16,1770419022204,2081.88
0.85,0.09,0.91,0.15,1770419022839,2082.44
0.84,0.09,0.91,0.15,1770419022846,2082.44
0.85,0.09,0.91,0.16,1770419023164,2082.44
0.85,0.09,0.91,0.15,1770419023166,2082.44
0.84,0.09,0.91,0.15,1770419023249,2082.01
0.84,0.09,0.91,0.16,1770419023324,2082.01
0.84,0.09,0.91,0.15,1770419024118,2082.01
0.86,0.09,0.91,0.16,1770419024121,2082.01
0.86,0.09,0.91,0.14,1770419024122,2082.01
0.84,0.09,0.91,0.14,1770419024145,2082.01
0.85,0.09,0.91,0.16,1770419024195,2082.01
0.84,0.09,0.91,0.15,1770419024227,2082.01
0.86,0.09,0.91,0.16,1770419024228,2082.01
0.86,0.09,0.91,0.14,1770419024315,2082.01
0.87,0.09,0.91,0.14,1770419024501,2082.01
0.87,0.09,0.91,0.13,1770419024968,2082.01
0.86,0.09,0.91,0.13,1770419035029,2085.01
0.85,0.09,0.91,0.14,1770419036151,2084.55
0.87,0.09,0.91,0.15,1770419036154,2084.55
0.85,0.09,0.91,0.13,1770419036187,2084.55
0.86,0.09,0.91,0.15,1770419036227,2084.54
0.85,0.09,0.91,0.14,1770419040039,2083.89
0.85,0.09,0.91,0.15,1770419041646,2083.88
0.86,0.09,0.91,0.15,1770419041654,2083.88
0.85,0.09,0.91,0.14,1770419041792,2083.88
0.85,0.09,0.91,0.15,1770419041793,2083.88
0.84,0.09,0.91,0.15,1770419049559,2083.07
0.84,0.09,0.91,0.16,1770419049560,2083.07
0.85,0.09,0.91,0.16,1770419051310,2082.93
0.84,0.09,0.91,0.15,1770419051911,2082.93
0.84,0.09,0.91,0.16,1770419051912,2082.93
0.83,0.09,0.91,0.16,1770419055812,2082.35
0.83,0.09,0.91,0.17,1770419055813,2082.35
0.85,0.09,0.91,0.17,1770419055815,2082.35
0.85,0.09,0.91,0.15,1770419055831,2082.35
0.84,0.09,0.91,0.15,1770419058084,2083.29
0.84,0.09,0.91,0.14,1770419058190,2083.29
0.85,0.09,0.91,0.16,1770419058193,2083.29
0.86,0.09,0.91,0.15,1770419058355,2083.95
0.86,0.09,0.91,0.14,1770419058614,2083.95
0.85,0.09,0.91,0.14,1770419058694,2083.95
0.85,0.09,0.91,0.15,1770419058695,2083.95
0.84,0.09,0.91,0.15,1770419058874,2083.95
0.86,0.09,0.91,0.16,1770419058876,2083.95
0.86,0.09,0.91,0.14,1770419058883,2083.95
0.76,0.09,0.91,0.14,1770419058945,2083.95
0.85,0.09,0.91,0.24,1770419058972,2083.95
0.85,0.09,0.91,0.15,1770419058973,2083.95
0.84,0.09,0.91,0.15,1770419070209,2083.29
0.84,0.09,0.91,0.16,1770419070213,2083.29
0.85,0.09,0.91,0.16,1770419078885,2083.96
0.85,0.09,0.91,0.15,1770419078886,2083.96
0.76,0.09,0.91,0.15,1770419078930,2083.96
0.85,0.09,0.91,0.24,1770419078945,2083.96
0.85,0.09,0.91,0.15,1770419078953,2083.96
0.86,0.09,0.91,0.15,1770419094576,2084.33
0.86,0.09,0.91,0.14,1770419094609,2084.33
0.85,0.09,0.91,0.14,1770419099843,2085.14
0.85,0.09,0.91,0.15,1770419099844,2085.14
0.86,0.09,0.91,0.15,1770419100081,2085.14
0.85,0.09,0.91,0.14,1770419100108,2085.14
0.85,0.09,0.91,0.15,1770419100109,2085.14
0.87,0.09,0.91,0.13,1770419109733,2084.02
0.86,0.09,0.91,0.13,1770419109734,2084.02
0.86,0.09,0.91,0.14,1770419111472,2083.57
0.85,0.09,0.91,0.14,1770419118970,2083.13
0.85,0.09,0.91,0.15,1770419118976,2083.13
0.84,0.09,0.91,0.15,1770419120155,2082.48
0.84,0.09,0.91,0.16,1770419120163,2082.48
0.83,0.09,0.91,0.16,1770419120324,2081.36
0.83,0.09,0.91,0.17,1770419120325,2081.36
0.85,0.09,0.91,0.17,1770419120327,2081.36
0.83,0.09,0.91,0.15,1770419120778,2081.36
0.84,0.09,0.91,0.17,1770419120779,2081.36
0.83,0.09,0.91,0.16,1770419120882,2081.36
0.85,0.09,0.91,0.17,1770419120901,2081.36
0.85,0.09,0.91,0.15,1770419120902,2081.36
0.83,0.09,0.91,0.15,1770419121098,2081.36
0.84,0.09,0.91,0.17,1770419121101,2081.36
0.85,0.09,0.91,0.16,1770419121184,2081.36
0.85,0.09,0.91,0.15,1770419121735,2081.35
0.84,0.09,0.91,0.15,1770419122479,2082.17
0.86,0.09,0.91,0.16,1770419122482,2082.17
0.84,0.09,0.91,0.14,1770419122952,2082.17
0.85,0.09,0.91,0.16,1770419122953,2082.17
0.86,0.09,0.91,0.15,1770419125822,2082.21
0.86,0.09,0.91,0.14,1770419125823,2082.21
0.84,0.09,0.91,0.14,1770419125848,2082.21
0.85,0.09,0.91,0.16,1770419125923,2082.21
0.86,0.09,0.91,0.15,1770419125947,2082.21
0.86,0.09,0.91,0.14,1770419125959,2082.21
0.84,0.09,0.91,0.14,1770419125973,2082.21
0.84,0.09,0.91,0.16,1770419125974,2082.21
0.85,0.09,0.91,0.16,1770419126039,2082.21
0.86,0.09,0.91,0.15,1770419126060,2082.21
0.86,0.09,0.91,0.14,1770419126061,2082.21
0.85,0.09,0.91,0.14,1770419126181,2082.21
0.86,0.09,0.91,0.15,1770419126408,2082.41
0.86,0.09,0.91,0.14,1770419126409,2082.41
0.84,0.09,0.91,0.14,1770419126483,2082.41
0.85,0.09,0.91,0.16,1770419126486,2082.41
0.84,0.09,0.91,0.15,1770419127237,2082.41
0.84,0.09,0.91,0.16,1770419127238,2082.41
0.86,0.09,0.91,0.16,1770419127241,2082.41
0.84,0.09,0.91,0.14,1770419127261,2082.41
0.85,0.09,0.91,0.16,1770419127334,2082.41
0.85,0.09,0.91,0.15,1770419135148,2081.64
0.84,0.09,0.91,0.15,1770419137033,2082.16
0.86,0.09,0.91,0.16,1770419137036,2082.16
0.86,0.09,0.91,0.14,1770419140333,2083.1
0.85,0.09,0.91,0.14,1770419141909,2083.43
0.87,0.09,0.91,0.15,1770419141912,2083.43
0.87,0.09,0.91,0.13,1770419145744,2084.27
0.86,0.09,0.91,0.13,1770419145748,2084.27
0.85,0.09,0.91,0.14,1770419146564,2083.35
0.85,0.09,0.91,0.15,1770419146565,2083.35
0.86,0.09,0.91,0.15,1770419146730,2083.35
0.86,0.09,0.91,0.14,1770419146731,2083.35
0.85,0.09,0.91,0.14,1770419146803,2083.35
0.85,0.09,0.91,0.15,1770419146804,2083.35
0.86,0.09,0.91,0.15,1770419147069,2083.35
0.85,0.09,0.91,0.14,1770419147930,2082.51
0.85,0.09,0.91,0.15,1770419147938,2082.51
0.86,0.09,0.91,0.15,1770419159067,2082.13
0.86,0.09,0.91,0.14,1770419160022,2082.52
0.87,0.09,0.91,0.14,1770419161716,2082.62
0.87,0.09,0.91,0.13,1770419161758,2082.62
0.86,0.09,0.91,0.13,1770419161848,2082.62
0.87,0.09,0.91,0.14,1770419163914,2083.06
0.87,0.09,0.91,0.13,1770419164253,2083.06
0.85,0.09,0.91,0.13,1770419164523,2083.34
0.85,0.09,0.91,0.15,1770419164524,2083.34
0.85,0.09,0.91,0.14,1770419164847,2083.34
0.85,0.09,0.91,0.15,1770419164848,2083.34
0.87,0.09,0.91,0.15,1770419164875,2083.34
0.87,0.09,0.91,0.13,1770419166827,2083.77
0.86,0.09,0.91,0.13,1770419170053,2084.34
0.86,0.09,0.91,0.14,1770419170054,2084.34
0.88,0.09,0.91,0.14,1770419170055,2084.34
0.86,0.09,0.91,0.12,1770419170070,2084.34
0.87,0.09,0.91,0.14,1770419170138,2084.34
0.86,0.09,0.91,0.13,1770419170662,2084.62
0.88,0.09,0.91,0.14,1770419170665,2084.62
0.88,0.09,0.91,0.12,1770419173411,2085.33
0.86,0.09,0.91,0.12,1770419175738,2085.99
0.89,0.09,0.91,0.14,1770419175742,2085.99
0.89,0.09,0.91,0.11,1770419175745,2085.99
0.89,0.08,0.91,0.11,1770419177274,2087.19
0.9,0.08,0.92,0.1,1770419177276,2087.19
0.88,0.08,0.92,0.1,1770419177318,2087.19
0.88,0.08,0.92,0.12,1770419177319,2087.19
0.76,0.08,0.92,0.12,1770419177346,2087.19
0.87,0.08,0.92,0.24,1770419177347,2087.19
0.89,0.08,0.92,0.13,1770419177348,2087.19
0.9,0.08,0.92,0.11,1770419178147,2087.19
0.9,0.08,0.92,0.1,1770419178154,2087.19
0.76,0.08,0.92,0.1,1770419178174,2087.19
0.87,0.08,0.92,0.24,1770419178201,2087.19
0.88,0.08,0.92,0.13,1770419178231,2087.19
0.88,0.08,0.92,0.12,1770419178232,2087.19
0.87,0.08,0.92,0.12,1770419178258,2087.13
0.89,0.08,0.92,0.13,1770419178259,2087.13
0.89,0.08,0.92,0.11,1770419178260,2087.13
0.87,0.08,0.92,0.11,1770419178522,2087.13
0.88,0.08,0.92,0.12,1770419178523,2087.13
0.87,0.08,0.92,0.12,1770419178594,2087.13
0.89,0.08,0.92,0.13,1770419178596,2087.13
0.87,0.08,0.92,0.11,1770419178659,2087.13
0.88,0.08,0.92,0.13,1770419178694,2087.13
0.89,0.08,0.92,0.12,1770419178743,2087.13
0.89,0.08,0.92,0.11,1770419178748,2087.13
0.87,0.08,0.92,0.11,1770419186541,2086.92
0.9,0.08,0.92,0.13,1770419186543,2086.92
0.87,0.08,0.92,0.1,1770419186564,2086.92
0.88,0.08,0.92,0.13,1770419186575,2086.92
0.89,0.08,0.92,0.12,1770419186618,2086.92
0.89,0.08,0.92,0.11,1770419186621,2086.92
0.87,0.08,0.92,0.11,1770419186653,2086.92
0.9,0.08,0.92,0.13,1770419186654,2086.92
0.87,0.08,0.92,0.1,1770419186666,2086.92
0.88,0.08,0.92,0.13,1770419186699,2086.92
0.87,0.08,0.92,0.12,1770419186722,2086.92
0.87,0.08,0.92,0.13,1770419186723,2086.92
0.89,0.08,0.92,0.13,1770419186724,2086.92
0.87,0.08,0.92,0.11,1770419187353,2087.83
0.9,0.08,0.92,0.13,1770419187357,2087.83
0.9,0.08,0.92,0.1,1770419187380,2087.83
0.89,0.08,0.92,0.1,1770419190041,2087.97
0.89,0.08,0.92,0.11,1770419192710,2087.87
0.87,0.08,0.92,0.11,1770419194711,2087.49
0.88,0.08,0.92,0.13,1770419194714,2087.49
0.87,0.08,0.92,0.12,1770419201721,2086.85
0.89,0.08,0.92,0.13,1770419201722,2086.85
0.87,0.08,0.92,0.11,1770419201766,2086.85
0.88,0.08,0.92,0.13,1770419201809,2086.85
0.87,0.08,0.92,0.12,1770419202054,2086.85
0.89,0.08,0.92,0.13,1770419202058,2086.85
0.87,0.08,0.92,0.11,1770419207907,2087.44
0.88,0.08,0.92,0.13,1770419207918,2087.44
0.88,0.08,0.92,0.12,1770419207919,2087.44
0.87,0.08,0.92,0.12,1770419210104,2086.86
0.87,0.08,0.92,0.13,1770419210105,2086.86
0.89,0.08,0.92,0.13,1770419210109,2086.86
0.87,0.08,0.92,0.11,1770419210135,2086.86
0.88,0.08,0.92,0.13,1770419210180,2086.86
0.87,0.08,0.92,0.12,1770419220031,2086.34
0.87,0.08,0.92,0.13,1770419220032,2086.34
0.86,0.08,0.92,0.13,1770419224003,2085.06
0.86,0.08,0.92,0.14,1770419224075,2085.06
0.87,0.08,0.92,0.14,1770419224078,2085.06
0.86,0.08,0.92,0.13,1770419225005,2084.62
0.86,0.08,0.92,0.14,1770419225045,2084.62
0.85,0.08,0.92,0.14,1770419227626,2084.04
0.87,0.08,0.92,0.15,1770419227630,2084.04
0.87,0.08,0.92,0.13,1770419227631,2084.04
0.85,0.08,0.92,0.13,1770419227655,2084.04
0.86,0.08,0.92,0.15,1770419227702,2084.04
0.85,0.08,0.92,0.14,1770419230261,2083.54
0.85,0.08,0.92,0.15,1770419230263,2083.54
0.85,0.09,0.92,0.15,1770419231873,2082.98
0.84,0.09,0.91,0.15,1770419234300,2082.46
0.84,0.09,0.91,0.16,1770419234301,2082.46
0.85,0.09,0.91,0.16,1770419234454,2082.46
0.85,0.09,0.91,0.15,1770419234536,2082.46
0.84,0.09,0.91,0.15,1770419234565,2082.46
0.84,0.09,0.91,0.16,1770419234566,2082.46
0.85,0.09,0.91,0.16,1770419235036,2082.46
0.84,0.09,0.91,0.15,1770419235269,2082.02
0.84,0.09,0.91,0.16,1770419235270,2082.02
0.85,0.09,0.91,0.16,1770419235352,2082.02
0.84,0.09,0.91,0.15,1770419235376,2082.02
0.84,0.09,0.91,0.16,1770419235426,2082.02
0.85,0.09,0.91,0.16,1770419235587,2082.02
0.84,0.09,0.91,0.15,1770419235904,2082.02
0.84,0.09,0.91,0.16,1770419235908,2082.02
0.83,0.09,0.91,0.16,1770419237557,2081.9
0.83,0.09,0.91,0.17,1770419237558,2081.9
0.85,0.09,0.91,0.17,1770419237560,2081.9
0.83,0.09,0.91,0.15,1770419237787,2081.9
0.83,0.09,0.91,0.17,1770419237788,2081.9
0.84,0.09,0.91,0.17,1770419237793,2081.9
0.85,0.09,0.91,0.16,1770419237870,2081.9
0.85,0.09,0.91,0.15,1770419237871,2081.9
0.83,0.09,0.91,0.15,1770419237894,2081.9
0.84,0.09,0.91,0.17,1770419237945,2081.9
0.84,0.09,0.91,0.16,1770419237946,2081.9
0.85,0.09,0.91,0.16,1770419238451,2081.87
0.85,0.09,0.91,0.15,1770419243209,2082.51
0.84,0.09,0.91,0.15,1770419247118,2082.28
0.73,0.09,0.91,0.16,1770419247120,2082.28
0.84,0.09,0.91,0.27,1770419247126,2082.28
0.84,0.09,0.91,0.16,1770419247165,2082.28
0.84,0.08,0.91,0.16,1770419248591,2081.77
0.84,0.08,0.92,0.16,1770419248592,2081.77
0.84,0.09,0.92,0.16,1770419248673,2081.77
0.84,0.08,0.91,0.16,1770419249758,2081.46
0.84,0.1,0.92,0.16,1770419249859,2081.46
0.83,0.1,0.9,0.16,1770419250599,2081.2
0.83,0.1,0.9,0.17,1770419252131,2080.86
0.84,0.1,0.9,0.17,1770419252132,2080.86
0.83,0.1,0.9,0.16,1770419252188,2080.86
0.83,0.1,0.9,0.17,1770419252206,2080.86
0.84,0.1,0.9,0.17,1770419252262,2080.84
0.84,0.1,0.9,0.16,1770419253511,2080.96
0.83,0.1,0.9,0.16,1770419253512,2080.96
0.83,0.1,0.9,0.17,1770419253573,2080.96
0.84,0.1,0.9,0.17,1770419264386,2080.62
0.84,0.1,0.9,0.16,1770419267195,2081.1
0.82,0.1,0.9,0.16,1770419267204,2081.1
0.82,0.1,0.9,0.18,1770419267210,2081.1
0.82,0.08,0.9,0.18,1770419267223,2081.1
0.83,0.08,0.92,0.18,1770419267226,2081.1
0.83,0.08,0.92,0.17,1770419267227,2081.1
0.82,0.08,0.92,0.17,1770419267255,2081.1
0.73,0.08,0.92,0.18,1770419267259,2081.1
0.73,0.11,0.92,0.27,1770419267263,2081.1
0.81,0.11,0.89,0.27,1770419267302,2081.1
0.81,0.11,0.89,0.19,1770419267303,2081.1
0.82,0.11,0.89,0.19,1770419267336,2081.1
0.82,0.11,0.89,0.18,1770419267540,2081.1
0.81,0.11,0.89,0.18,1770419267541,2081.1
0.81,0.11,0.89,0.19,1770419267542,2081.1
0.81,0.08,0.89,0.19,1770419267551,2081.1
0.81,0.08,0.92,0.19,1770419267582,2081.1
0.81,0.12,0.92,0.19,1770419267588,2081.1
0.81,0.12,0.88,0.19,1770419267744,2081.1
0.8,0.12,0.88,0.19,1770419268378,2078.45
0.82,0.12,0.88,0.2,1770419268379,2078.45
0.82,0.12,0.88,0.18,1770419268574,2078.45
0.8,0.12,0.88,0.18,1770419269143,2078.45
0.81,0.12,0.88,0.2,1770419269147,2078.45
0.8,0.12,0.88,0.19,1770419269217,2078.76
0.82,0.12,0.88,0.2,1770419269218,2078.76
0.82,0.12,0.88,0.18,1770419269243,2078.76
0.83,0.12,0.88,0.18,1770419272477,2079.14
0.83,0.12,0.88,0.17,1770419272478,2079.14
0.81,0.12,0.88,0.17,1770419272524,2079.14
0.82,0.12,0.88,0.19,1770419272560,2079.14
0.81,0.12,0.88,0.18,1770419272949,2079.14
0.83,0.12,0.88,0.19,1770419272950,2079.14
0.81,0.12,0.88,0.17,1770419273127,2079.14
0.82,0.12,0.88,0.19,1770419273128,2079.14
0.81,0.12,0.88,0.18,1770419273212,2079.14
0.83,0.12,0.88,0.19,1770419273213,2079.14
0.81,0.12,0.88,0.17,1770419273565,2079.7
0.81,0.12,0.88,0.19,1770419273568,2079.7
0.8,0.12,0.88,0.19,1770419273614,2079.7
0.8,0.12,0.88,0.2,1770419273615,2079.7
0.8,0.08,0.88,0.2,1770419273621,2079.7
0.8,0.08,0.92,0.2,1770419273622,2079.7
0.79,0.08,0.92,0.2,1770419273684,2079.7
0.79,0.13,0.92,0.21,1770419273698,2079.7
0.79,0.13,0.87,0.21,1770419273751,2079.7
0.8,0.13,0.87,0.21,1770419273752,2079.7
0.79,0.13,0.87,0.2,1770419273788,2079.7
0.79,0.08,0.87,0.21,1770419273809,2079.7
0.79,0.08,0.92,0.21,1770419273826,2079.7
0.79,0.14,0.92,0.21,1770419273851,2079.7
0.79,0.14,0.86,0.21,1770419273888,2079.7
0.8,0.14,0.86,0.21,1770419273900,2079.7
0.79,0.14,0.86,0.2,1770419274369,2076.99
0.79,0.14,0.86,0.21,1770419274372,2076.99
0.8,0.14,0.86,0.21,1770419279217,2076.23
0.8,0.14,0.86,0.2,1770419279218,2076.23
0.79,0.14,0.86,0.2,1770419280861,2076.86
0.81,0.14,0.86,0.21,1770419280872,2076.86
0.82,0.14,0.86,0.19,1770419285562,2078.14
0.82,0.14,0.86,0.18,1770419285572,2078.14
0.8,0.14,0.86,0.18,1770419287730,2078.59
0.81,0.14,0.86,0.2,1770419287736,2078.59
0.81,0.14,0.86,0.19,1770419287841,2078.59
0.79,0.14,0.86,0.19,1770419288516,2077.91
0.79,0.14,0.86,0.2,1770419288538,2077.91
0.79,0.14,0.86,0.21,1770419288568,2077.91
0.78,0.14,0.86,0.21,1770419288621,2077.91
0.8,0.14,0.86,0.22,1770419288623,2077.91
0.78,0.14,0.86,0.2,1770419289203,2077.91
0.79,0.14,0.86,0.22,1770419289218,2077.91
0.78,0.14,0.86,0.21,1770419289276,2076.8
0.8,0.14,0.86,0.22,1770419289285,2076.8
0.78,0.14,0.86,0.2,1770419291336,2076.62
0.79,0.14,0.86,0.22,1770419291337,2076.62
0.78,0.14,0.86,0.21,1770419291444,2076.62
0.78,0.14,0.86,0.22,1770419291445,2076.62
0.8,0.14,0.86,0.22,1770419291446,2076.62
0.8,0.14,0.86,0.2,1770419297317,2076.62
0.79,0.14,0.86,0.2,1770419297320,2076.62
0.79,0.08,0.86,0.21,1770419297341,2076.62
0.79,0.08,0.92,0.21,1770419297342,2076.62
0.78,0.08,0.92,0.21,1770419297346,2076.62
0.78,0.08,0.92,0.22,1770419297355,2076.62
0.7,0.08,0.92,0.22,1770419297384,2076.62
0.7,0.15,0.92,0.3,1770419297387,2076.62
0.71,0.15,0.85,0.3,1770419297398,2076.62
0.76,0.15,0.85,0.29,1770419297449,2076.62
0.76,0.08,0.91,0.24,1770419297450,2076.62
0.76,0.09,0.91,0.24,1770419297454,2076.62
0.77,0.16,0.91,0.23,1770419297480,2076.62
0.76,0.16,0.84,0.23,1770419297497,2076.62
0.76,0.16,0.84,0.24,1770419297498,2076.62
0.78,0.16,0.84,0.24,1770419297502,2076.62
0.78,0.16,0.84,0.22,1770419297549,2076.62
0.76,0.16,0.84,0.22,1770419298082,2076.62
0.76,0.16,0.84,0.23,1770419298122,2076.62
0.78,0.16,0.84,0.24,1770419298125,2076.62
0.78,0.16,0.84,0.22,1770419298290,2074.8
0.76,0.16,0.84,0.22,1770419300286,2074.8
0.77,0.16,0.84,0.24,1770419300288,2074.8
0.77,0.16,0.84,0.23,1770419300289,2074.8
0.76,0.16,0.84,0.23,1770419300360,2074.8
0.78,0.16,0.84,0.24,1770419300361,2074.8
0.78,0.16,0.84,0.22,1770419300583,2074.8
0.77,0.16,0.84,0.22,1770419300585,2074.8
0.76,0.16,0.84,0.23,1770419300821,2074.8
0.76,0.16,0.84,0.24,1770419300822,2074.8
0.78,0.16,0.84,0.24,1770419300823,2074.8
0.76,0.16,0.84,0.22,1770419300863,2074.8
0.77,0.16,0.84,0.24,1770419300864,2074.8
0.78,0.16,0.84,0.23,1770419301611,2074.6
0.78,0.16,0.84,0.22,1770419301613,2074.6
0.76,0.16,0.84,0.22,1770419302006,2074.6
0.76,0.16,0.84,0.24,1770419302007,2074.6
0.77,0.16,0.84,0.24,1770419302008,2074.6
0.76,0.16,0.84,0.23,1770419303458,2074.61
0.76,0.16,0.84,0.24,1770419303459,2074.61
0.76,0.09,0.84,0.24,1770419303468,2074.61
0.76,0.09,0.92,0.24,1770419303478,2074.61
0.76,0.17,0.92,0.24,1770419303511,2074.61
0.76,0.17,0.83,0.24,1770419303512,2074.61
0.77,0.17,0.83,0.24,1770419303559,2074.61
0.77,0.17,0.83,0.23,1770419303560,2074.61
0.75,0.17,0.83,0.23,1770419304437,2074.25
0.76,0.17,0.83,0.25,1770419304440,2074.25
0.75,0.17,0.83,0.24,1770419304516,2074.25
0.77,0.17,0.83,0.25,1770419304520,2074.25
0.75,0.17,0.83,0.23,1770419306021,2074.02
0.76,0.17,0.83,0.25,1770419306025,2074.02
0.76,0.08,0.83,0.24,1770419306082,2074.02
0.75,0.08,0.92,0.25,1770419306083,2074.02
0.75,0.18,0.92,0.25,1770419306112,2074.02
0.75,0.18,0.82,0.25,1770419306113,2074.02
0.69,0.18,0.82,0.25,1770419306183,2074.02
0.76,0.18,0.82,0.31,1770419306184,2074.02
0.76,0.18,0.82,0.24,1770419306193,2074.02
0.75,0.18,0.82,0.24,1770419308975,2073.37
0.75,0.18,0.82,0.25,1770419308980,2073.37
0.76,0.18,0.82,0.25,1770419309048,2073.37
0.77,0.18,0.82,0.24,1770419310008,2073.08
0.77,0.18,0.82,0.23,1770419310009,2073.08
0.75,0.18,0.82,0.23,1770419310028,2073.08
0.75,0.18,0.82,0.25,1770419310035,2073.08
0.69,0.18,0.82,0.25,1770419310038,2073.08
0.75,0.18,0.82,0.31,1770419310039,2073.08
0.75,0.18,0.82,0.25,1770419310081,2073.08
0.76,0.18,0.82,0.25,1770419310085,2073.08
0.76,0.18,0.82,0.24,1770419311955,2074.59
0.69,0.18,0.82,0.24,1770419312058,2074.59
0.73,0.18,0.82,0.31,1770419312059,2074.59
0.69,0.18,0.82,0.27,1770419312080,2074.59
0.7,0.18,0.82,0.31,1770419312085,2074.59
0.74,0.18,0.82,0.3,1770419312090,2074.59
0.74,0.18,0.82,0.26,1770419312136,2074.59
0.75,0.18,0.82,0.26,1770419312371,2073.51
0.75,0.18,0.82,0.25,1770419312905,2073.51
0.73,0.18,0.82,0.25,1770419324898,2074.02
0.69,0.18,0.82,0.27,1770419324903,2074.02
0.72,0.18,0.82,0.31,1770419324904,2074.02
0.72,0.18,0.82,0.28,1770419324910,2074.02
0.72,0.08,0.82,0.28,1770419324928,2074.02
0.73,0.08,0.92,0.28,1770419324943,2074.02
0.73,0.08,0.89,0.27,1770419324951,2074.02
0.73,0.11,0.89,0.27,1770419324977,2074.02
0.73,0.19,0.89,0.27,1770419324981,2074.02
0.73,0.19,0.81,0.27,1770419325067,2074.02
0.74,0.19,0.81,0.27,1770419328015,2072.0
0.74,0.19,0.81,0.26,1770419329207,2073.11
0.76,0.19,0.81,0.26,1770419331594,2072.71
0.76,0.19,0.81,0.24,1770419332459,2072.72
0.76,0.12,0.81,0.24,1770419347492,2071.68
0.76,0.12,0.92,0.24,1770419347497,2071.68
0.76,0.08,0.92,0.24,1770419347498,2071.68
0.76,0.08,0.87,0.24,1770419347537,2071.68
0.76,0.2,0.87,0.24,1770419347553,2071.68
0.76,0.2,0.8,0.24,1770419347559,2071.68
0.76,0.13,0.8,0.24,1770419347588,2071.68
0.76,0.13,0.87,0.24,1770419347598,2071.68
0.76,0.13,0.92,0.24,1770419347630,2071.68
0.76,0.21,0.92,0.24,1770419347640,2071.68
0.76,0.08,0.79,0.24,1770419347685,2071.68
0.76,0.08,0.92,0.24,1770419347716,2071.68
0.76,0.22,0.92,0.24,1770419347734,2071.68
0.76,0.22,0.78,0.24,1770419347743,2071.68
0.76,0.08,0.78,0.24,1770419357995,2070.26
0.76,0.08,0.86,0.24,1770419358003,2070.26
0.76,0.14,0.92,0.24,1770419358018,2070.26
0.76,0.23,0.92,0.24,1770419358029,2070.26
0.76,0.23,0.77,0.24,1770419358035,2070.26
0.76,0.08,0.77,0.24,1770419369957,2070.73
0.76,0.08,0.92,0.24,1770419369981,2070.73
0.76,0.08,0.89,0.24,1770419370002,2070.73
0.76,0.19,0.89,0.24,1770419370019,2070.73
0.76,0.19,0.81,0.24,1770419370029,2070.73
0.76,0.12,0.81,0.24,1770419402593,2071.91
0.76,0.12,0.88,0.24,1770419402594,2071.91
0.76,0.2,0.88,0.24,1770419402651,2071.91
0.76,0.2,0.8,0.24,1770419406545,2071.56
0.78,0.2,0.8,0.24,1770419466599,2072.19
0.78,0.2,0.8,0.22,1770419466600,2072.19
0.78,0.12,0.8,0.22,1770419636081,2072.8
0.78,0.12,0.88,0.22,1770419636113,2072.8
0.78,0.19,0.88,0.22,1770419636159,2072.8
0.78,0.19,0.81,0.22,1770419636325,2073.0
0.75,0.19,0.81,0.22,1770419653174,2071.94
0.72,0.19,0.81,0.25,1770419653345,2071.94
0.72,0.19,0.81,0.28,1770419654248,2071.94
0.72,0.25,0.81,0.28,1770419675653,2072.91
0.72,0.25,0.75,0.28,1770419675654,2072.91
0.72,0.13,0.75,0.28,1770419676492,2072.68
0.72,0.17,0.87,0.28,1770419676716,2072.68
0.72,0.13,0.83,0.28,1770419679740,2072.53
0.72,0.18,0.87,0.28,1770419679778,2072.53
0.72,0.18,0.82,0.28,1770419679779,2072.53
0.72,0.13,0.82,0.28,1770419690676,2071.88
0.72,0.13,0.87,0.28,1770419691925,2072.1
0.72,0.13,0.92,0.28,1770419694008,2072.41
0.72,0.08,0.92,0.28,1770419694252,2072.41
0.72,0.19,0.92,0.28,1770419695416,2069.09
0.72,0.19,0.81,0.28,1770419695670,2069.09
0.72,0.19,0.79,0.28,1770419707115,2067.69
0.72,0.21,0.79,0.28,1770419709240,2067.27
0.72,0.21,0.81,0.28,1770419710358,2066.84
0.72,0.19,0.81,0.28,1770419710910,2066.84
0.72,0.24,0.81,0.28,1770419710973,2066.84
0.72,0.24,0.76,0.28,1770419713162,2066.57
0.72,0.19,0.76,0.28,1770419713178,2066.57
0.72,0.25,0.81,0.28,1770419713232,2066.57
0.72,0.25,0.75,0.28,1770419713240,2066.57
0.72,0.19,0.75,0.28,1770419716461,2065.47
0.72,0.26,0.81,0.28,1770419716533,2065.47
0.72,0.26,0.74,0.28,1770419716534,2065.47
0.72,0.19,0.74,0.28,1770419717989,2065.2
0.72,0.19,0.81,0.28,1770419717990,2065.2
0.72,0.27,0.81,0.28,1770419718100,2065.2
0.72,0.27,0.73,0.28,1770419718153,2065.2
0.66,0.27,0.73,0.28,1770419719070,2064.81
0.66,0.27,0.73,0.34,1770419719071,2064.81
0.65,0.27,0.73,0.34,1770419721229,2064.85
0.65,0.27,0.73,0.35,1770419721294,2064.85
0.66,0.27,0.71,0.35,1770419727572,2064.0
0.66,0.29,0.71,0.34,1770419728476,2064.91
0.65,0.29,0.71,0.34,1770419728491,2064.91
0.65,0.29,0.71,0.35,1770419728529,2064.91
0.65,0.19,0.71,0.35,1770419739398,2063.23
0.65,0.3,0.81,0.35,1770419739466,2063.23
0.65,0.3,0.7,0.35,1770419739467,2063.23
0.65,0.29,0.7,0.35,1770419746796,2062.78
0.65,0.31,0.71,0.35,1770419746838,2062.78
0.65,0.31,0.69,0.35,1770419748764,2062.57
0.65,0.19,0.69,0.35,1770419774050,2064.27
0.65,0.19,0.81,0.35,1770419774056,2064.27
0.65,0.3,0.81,0.35,1770419774090,2064.27
0.65,0.3,0.7,0.35,1770419774091,2064.27
0.65,0.19,0.7,0.35,1770419775550,2064.71
0.66,0.19,0.81,0.35,1770419775567,2064.71
0.66,0.19,0.76,0.34,1770419775583,2064.71
0.66,0.26,0.76,0.34,1770419775609,2064.71
0.66,0.26,0.74,0.34,1770419778867,2065.2
0.66,0.24,0.74,0.34,1770419780071,2065.57
0.66,0.27,0.76,0.34,1770419780166,2065.57
0.65,0.27,0.73,0.34,1770419781606,2064.94
0.65,0.27,0.73,0.35,1770419781686,2064.94
0.65,0.19,0.73,0.35,1770419784484,2064.44
0.65,0.28,0.81,0.35,1770419784746,2064.44
0.65,0.28,0.72,0.35,1770419787778,2064.48
0.66,0.28,0.72,0.35,1770419793631,2065.21
0.66,0.28,0.72,0.34,1770419797586,2065.36
0.65,0.28,0.72,0.34,1770419798264,2065.36
0.65,0.28,0.72,0.35,1770419798265,2065.36
0.65,0.19,0.72,0.35,1770419810516,2064.47
0.65,0.19,0.81,0.35,1770419810535,2064.47
0.65,0.3,0.81,0.35,1770419810562,2064.47
0.65,0.3,0.7,0.35,1770419810563,2064.47
0.65,0.19,0.7,0.35,1770419810849,2064.47
0.65,0.19,0.81,0.35,1770419810881,2064.47
0.65,0.31,0.81,0.35,1770419810933,2064.47
0.65,0.31,0.69,0.35,1770419811510,2062.0
0.62,0.31,0.69,0.35,1770419811565,2062.0
0.62,0.31,0.69,0.38,1770419815352,2061.69
0.66,0.31,0.69,0.38,1770419815487,2061.69
0.66,0.31,0.69,0.34,1770419816179,2061.69
0.62,0.31,0.69,0.34,1770419820417,2062.61
0.67,0.31,0.69,0.38,1770419820450,2062.61
0.67,0.31,0.69,0.33,1770419820454,2062.61
0.63,0.31,0.69,0.33,1770419823110,2063.21
0.63,0.31,0.69,0.37,1770419823130,2063.21
0.68,0.31,0.69,0.37,1770419823137,2063.21
0.63,0.31,0.69,0.32,1770419823608,2063.61
0.63,0.31,0.69,0.37,1770419826831,2063.6
0.62,0.31,0.69,0.37,1770419830138,2062.83
0.62,0.31,0.69,0.38,1770419830185,2062.83
0.62,0.31,0.68,0.38,1770419833928,2061.79
0.64,0.32,0.68,0.38,1770419833954,2061.79
0.64,0.32,0.68,0.36,1770419834014,2061.79
0.62,0.32,0.68,0.36,1770419839699,2061.66
0.62,0.32,0.68,0.38,1770419839725,2061.66
0.65,0.32,0.68,0.38,1770419839752,2061.66
0.65,0.32,0.68,0.35,1770419839856,2061.66
0.65,0.32,0.68,0.36,1770419843535,2061.38
0.64,0.32,0.68,0.36,1770419843536,2061.38
0.62,0.32,0.68,0.36,1770419848539,2061.52
0.66,0.32,0.68,0.38,1770419848584,2061.52
0.66,0.32,0.68,0.34,1770419848585,2061.52
0.62,0.32,0.68,0.34,1770419851528,2061.98
0.62,0.32,0.68,0.38,1770419851529,2061.98
0.65,0.32,0.68,0.38,1770419851690,2061.98
0.65,0.32,0.68,0.35,1770419851784,2061.98
0.62,0.32,0.68,0.35,1770419851806,2061.98
0.62,0.32,0.68,0.38,1770419851811,2061.98
0.64,0.32,0.68,0.38,1770419851888,2061.98
0.64,0.32,0.68,0.36,1770419854800,2061.21
0.62,0.32,0.68,0.36,1770419854827,2061.21
0.62,0.32,0.68,0.38,1770419854828,2061.21
0.62,0.19,0.68,0.38,1770419854855,2061.21
0.62,0.19,0.66,0.38,1770419854857,2061.21
0.62,0.34,0.66,0.38,1770419854859,2061.21
0.63,0.34,0.66,0.38,1770419856296,2060.41
0.63,0.34,0.66,0.37,1770419856297,2060.41
0.62,0.34,0.66,0.37,1770419857677,2060.9
0.62,0.34,0.66,0.38,1770419857695,2060.9
0.62,0.34,0.64,0.38,1770419858542,2060.35
0.62,0.36,0.64,0.38,1770419858543,2060.35
0.62,0.34,0.64,0.38,1770419865475,2060.22
0.62,0.34,0.66,0.38,1770419865509,2060.22
0.63,0.34,0.66,0.38,1770419866665,2060.68
0.63,0.34,0.66,0.37,1770419866667,2060.68
0.62,0.34,0.66,0.37,1770419868365,2060.97
0.62,0.34,0.66,0.38,1770419868366,2060.97
0.64,0.34,0.66,0.38,1770419868416,2060.97
0.64,0.34,0.66,0.36,1770419868626,2060.97
0.64,0.32,0.66,0.36,1770419874639,2061.53
0.62,0.32,0.68,0.36,1770419874646,2061.53
0.62,0.08,0.92,0.38,1770419874677,2061.53
0.62,0.08,0.69,0.38,1770419874712,2061.53
0.62,0.31,0.69,0.38,1770419874721,2061.53
0.66,0.31,0.69,0.38,1770419874749,2061.53
0.66,0.31,0.69,0.34,1770419874750,2061.53
0.63,0.31,0.69,0.34,1770419886216,2062.31
0.67,0.31,0.69,0.37,1770419886928,2062.31
0.67,0.31,0.69,0.33,1770419887253,2062.31
0.63,0.31,0.69,0.33,1770419887270,2062.31
0.66,0.31,0.69,0.37,1770419887303,2062.3
0.66,0.31,0.69,0.34,1770419890602,2061.79
0.62,0.31,0.69,0.34,1770419890646,2061.79
0.62,0.31,0.69,0.38,1770419890671,2061.79
0.65,0.31,0.69,0.38,1770419890673,2061.79
0.65,0.31,0.69,0.35,1770419890715,2061.79
0.62,0.31,0.69,0.35,1770419892058,2061.24
0.64,0.31,0.69,0.38,1770419892086,2061.24
0.64,0.31,0.68,0.36,1770419892092,2061.24
0.64,0.32,0.68,0.36,1770419892371,2061.17
0.62,0.32,0.68,0.36,1770419896031,2060.91
0.62,0.32,0.68,0.38,1770419896033,2060.91
0.62,0.32,0.67,0.38,1770419896055,2060.91
0.63,0.33,0.67,0.38,1770419896059,2060.91
0.63,0.33,0.67,0.37,1770419896106,2060.91
0.63,0.33,0.77,0.37,1770419898376,2060.63
0.63,0.23,0.77,0.37,1770419898377,2060.63
0.62,0.23,0.65,0.38,1770419898424,2060.63
0.62,0.35,0.77,0.38,1770419898425,2060.63
0.62,0.23,0.77,0.38,1770419898442,2060.63
0.62,0.23,0.64,0.38,1770419898461,2060.63
0.62,0.36,0.64,0.38,1770419898481,2060.63
0.62,0.36,0.63,0.38,1770419898831,2060.63
0.62,0.37,0.63,0.38,1770419898868,2060.63
0.62,0.37,0.92,0.38,1770419898915,2060.63
0.62,0.37,0.63,0.38,1770419898926,2060.63
0.57,0.37,0.63,0.38,1770419902108,2058.29
0.57,0.37,0.6,0.43,1770419902139,2058.29
0.57,0.4,0.6,0.43,1770419902148,2058.29
0.57,0.4,0.63,0.43,1770419902155,2058.29
0.57,0.37,0.59,0.43,1770419902186,2058.29
0.57,0.41,0.59,0.43,1770419902232,2058.29
0.57,0.41,0.71,0.43,1770419908846,2057.84
0.57,0.39,0.71,0.43,1770419908858,2057.84
0.57,0.39,0.6,0.43,1770419908884,2057.84
0.57,0.4,0.6,0.43,1770419909988,2057.86
0.56,0.4,0.6,0.43,1770419911005,2057.77
0.56,0.4,0.6,0.44,1770419911047,2057.77
0.56,0.4,0.57,0.44,1770419911048,2057.77
0.56,0.43,0.57,0.44,1770419911050,2057.77
0.53,0.43,0.57,0.44,1770419911077,2057.77
0.53,0.43,0.57,0.47,1770419911084,2057.77
0.51,0.43,0.57,0.47,1770419976556,2054.68
0.51,0.43,0.57,0.49,1770419976560,2054.68
0.51,0.48,0.57,0.49,1770419976602,2054.68
0.51,0.48,0.52,0.49,1770419976624,2054.68
0.46,0.48,0.52,0.49,1770419976625,2054.68
0.46,0.48,0.52,0.54,1770419976655,2054.68
0.46,0.43,0.52,0.54,1770419976665,2054.68
0.46,0.49,0.57,0.54,1770419976720,2054.68
0.46,0.49,0.51,0.54,1770419976761,2054.68
0.46,0.43,0.51,0.54,1770419980739,2052.35
0.46,0.45,0.57,0.54,1770419980790,2052.35
0.46,0.45,0.55,0.54,1770419980791,2052.35
0.47,0.45,0.55,0.54,1770419981451,2053.37
0.47,0.45,0.55,0.53,1770419981585,2053.37
0.48,0.45,0.55,0.53,1770419983238,2054.33
0.48,0.45,0.55,0.52,1770419983239,2054.33
0.48,0.43,0.55,0.52,1770419983498,2054.33
0.48,0.44,0.57,0.52,1770419983564,2054.33
0.48,0.44,0.56,0.52,1770419983650,2054.33
0.49,0.44,0.56,0.52,1770419983738,2054.33
0.49,0.44,0.56,0.51,1770419983739,2054.33
0.46,0.44,0.56,0.51,1770419988415,2053.68
0.48,0.44,0.56,0.54,1770419988471,2053.68
0.48,0.44,0.56,0.52,1770419988885,2053.68
0.49,0.44,0.56,0.52,1770419989842,2054.47
0.49,0.43,0.56,0.51,1770419990203,2054.47
0.49,0.43,0.57,0.51,1770419990246,2054.47
0.48,0.43,0.57,0.51,1770420008586,2055.83
0.49,0.43,0.57,0.52,1770420008738,2055.83
0.49,0.43,0.57,0.51,1770420008916,2055.83
0.5,0.43,0.57,0.51,1770420009123,2055.83
0.5,0.43,0.57,0.5,1770420009306,2056.07
0.49,0.43,0.57,0.5,1770420018639,2056.63
0.51,0.43,0.57,0.51,1770420018695,2056.63
0.51,0.43,0.57,0.49,1770420018696,2056.63
0.5,0.43,0.57,0.49,1770420020921,2056.67
0.52,0.43,0.57,0.5,1770420020956,2056.67
0.52,0.43,0.57,0.48,1770420022431,2057.24
0.51,0.43,0.57,0.48,1770420030922,2057.1
0.52,0.43,0.57,0.49,1770420030967,2057.1
0.53,0.43,0.57,0.48,1770420030996,2057.1
0.53,0.43,0.57,0.47,1770420030997,2057.1
0.46,0.43,0.57,0.47,1770420031055,2057.1
0.46,0.43,0.72,0.54,1770420031061,2057.1
0.52,0.28,0.72,0.54,1770420031079,2057.1
0.54,0.28,0.72,0.48,1770420031105,2057.1
0.54,0.28,0.72,0.46,1770420031106,2057.1
0.54,0.38,0.72,0.46,1770420031151,2057.1
0.54,0.38,0.62,0.46,1770420031195,2057.1
0.53,0.38,0.62,0.46,1770420031403,2058.85
0.53,0.38,0.62,0.47,1770420031404,2058.85
0.55,0.38,0.62,0.47,1770420031457,2058.85
0.55,0.38,0.62,0.45,1770420031478,2058.85
0.59,0.38,0.62,0.45,1770420031482,2058.85
0.59,0.38,0.62,0.41,1770420031483,2058.85
0.59,0.37,0.62,0.41,1770420031683,2058.85
0.59,0.37,0.63,0.41,1770420031728,2058.85
0.59,0.38,0.63,0.41,1770420032417,2059.63
0.59,0.38,0.62,0.41,1770420032438,2059.63
0.57,0.38,0.62,0.41,1770420032542,2059.63
0.57,0.38,0.62,0.43,1770420032568,2059.63
0.58,0.38,0.62,0.43,1770420032577,2059.63
0.58,0.38,0.62,0.42,1770420032578,2059.63
0.57,0.38,0.62,0.42,1770420032947,2059.63
0.57,0.38,0.62,0.43,1770420032978,2059.63
0.59,0.38,0.62,0.43,1770420032983,2059.63
0.59,0.38,0.62,0.41,1770420033373,2059.07
0.57,0.38,0.62,0.41,1770420033838,2059.07
0.58,0.38,0.62,0.43,1770420033873,2059.07
0.58,0.38,0.62,0.42,1770420033875,2059.07
0.57,0.38,0.62,0.42,1770420035798,2058.96
0.59,0.38,0.62,0.43,1770420035836,2058.96
0.59,0.38,0.62,0.41,1770420037593,2059.26
0.59,0.37,0.62,0.41,1770420037958,2059.26
0.59,0.37,0.63,0.41,1770420037974,2059.26
0.58,0.37,0.63,0.41,1770420037978,2059.26
0.58,0.37,0.63,0.42,1770420038001,2059.26
0.58,0.37,0.64,0.42,1770420038021,2059.26
0.58,0.36,0.64,0.42,1770420038022,2059.26
0.61,0.36,0.64,0.42,1770420038052,2059.26
0.61,0.36,0.64,0.39,1770420038053,2059.26
0.61,0.23,0.64,0.39,1770420038100,2059.26
0.46,0.23,0.77,0.43,1770420038101,2059.26
0.59,0.23,0.77,0.54,1770420038106,2059.26
0.46,0.23,0.77,0.41,1770420038123,2059.26
0.58,0.23,0.77,0.54,1770420038138,2059.26
0.62,0.23,0.74,0.38,1770420038149,2059.26
0.62,0.26,0.74,0.38,1770420038166,2059.26
0.62,0.29,0.74,0.38,1770420038185,2059.26
0.62,0.29,0.71,0.38,1770420038195,2059.26
0.59,0.29,0.71,0.38,1770420038302,2059.26
0.46,0.29,0.71,0.41,1770420038342,2064.21
0.6,0.29,0.71,0.54,1770420038346,2064.21
0.63,0.29,0.71,0.4,1770420038352,2064.21
0.63,0.29,0.71,0.37,1770420038368,2064.21
0.59,0.29,0.71,0.37,1770420039451,2065.22
0.46,0.29,0.71,0.41,1770420039495,2065.22
0.64,0.29,0.71,0.54,1770420039496,2065.22
0.64,0.29,0.71,0.36,1770420039501,2065.22
0.64,0.25,0.71,0.36,1770420039692,2065.22
0.64,0.28,0.75,0.36,1770420039748,2065.22
0.64,0.28,0.72,0.36,1770420040443,2065.35
0.64,0.27,0.72,0.36,1770420042367,2063.64
0.57,0.27,0.73,0.36,1770420042378,2063.64
0.57,0.27,0.73,0.43,1770420042379,2063.64
0.57,0.27,0.87,0.43,1770420042395,2063.64
0.57,0.13,0.87,0.43,1770420042396,2063.64
0.57,0.29,0.87,0.43,1770420042408,2063.64
0.48,0.29,0.71,0.43,1770420042411,2063.64
0.56,0.29,0.71,0.52,1770420042413,2063.64
0.56,0.29,0.71,0.44,1770420042433,2063.64
0.48,0.29,0.71,0.44,1770420042439,2063.64
0.48,0.29,0.71,0.52,1770420042440,2063.64
0.59,0.29,0.71,0.51,1770420042456,2063.64
0.59,0.29,0.71,0.41,1770420042457,2063.64
0.59,0.3,0.71,0.41,1770420042797,2063.64
0.59,0.3,0.7,0.41,1770420042852,2063.64
0.59,0.29,0.7,0.41,1770420042869,2063.64
0.59,0.29,0.71,0.41,1770420042884,2063.64
0.59,0.31,0.71,0.41,1770420042946,2063.64
0.67,0.31,0.69,0.41,1770420043115,2063.64
0.67,0.31,0.69,0.33,1770420043254,2062.74
0.56,0.31,0.69,0.33,1770420043271,2062.74
0.58,0.31,0.69,0.44,1770420043468,2062.74
0.58,0.31,0.69,0.42,1770420043724,2062.74
0.57,0.31,0.69,0.42,1770420047427,2062.6
0.59,0.31,0.69,0.43,1770420047461,2062.6
0.59,0.31,0.69,0.41,1770420049031,2062.91
0.67,0.31,0.69,0.41,1770420053662,2062.53
0.67,0.31,0.69,0.33,1770420053807,2062.53
0.56,0.31,0.69,0.33,1770420053813,2062.53
0.58,0.31,0.69,0.44,1770420054498,2062.53
0.58,0.31,0.69,0.42,1770420055925,2062.53
0.58,0.17,0.69,0.42,1770420057518,2061.98
0.58,0.32,0.83,0.42,1770420057563,2061.98
0.58,0.32,0.68,0.42,1770420058137,2061.98
0.58,0.17,0.68,0.42,1770420058255,2061.28
0.58,0.33,0.83,0.42,1770420058289,2061.28
0.58,0.33,0.67,0.42,1770420061644,2061.32
0.62,0.33,0.67,0.42,1770420062297,2060.67
0.62,0.33,0.66,0.38,1770420062298,2060.67
0.62,0.34,0.66,0.38,1770420062332,2060.67
0.58,0.34,0.66,0.38,1770420062439,2060.67
0.58,0.34,0.66,0.42,1770420062440,2060.67
0.58,0.34,0.65,0.42,1770420062478,2060.67
0.61,0.35,0.65,0.39,1770420062542,2060.67
0.59,0.35,0.65,0.39,1770420064701,2060.14
0.59,0.35,0.65,0.41,1770420064715,2060.14
0.62,0.35,0.65,0.41,1770420064719,2060.14
0.62,0.35,0.65,0.38,1770420064802,2060.14
0.58,0.35,0.65,0.38,1770420067432,2060.46
0.53,0.35,0.65,0.42,1770420067484,2060.46
0.57,0.35,0.65,0.47,1770420067528,2060.46
0.57,0.35,0.65,0.43,1770420067720,2060.46
0.64,0.35,0.65,0.43,1770420073242,2061.2
0.64,0.35,0.65,0.36,1770420073243,2061.2
0.54,0.35,0.65,0.36,1770420073291,2061.2
0.56,0.35,0.65,0.46,1770420073389,2061.2
0.56,0.35,0.65,0.44,1770420075546,2061.05
0.64,0.35,0.65,0.44,1770420080641,2061.04
0.64,0.35,0.65,0.36,1770420080642,2061.04
0.54,0.35,0.65,0.36,1770420080709,2061.04
0.58,0.35,0.65,0.46,1770420080742,2061.04
0.58,0.35,0.65,0.42,1770420081476,2060.93
0.52,0.35,0.65,0.42,1770420093323,2059.83
0.52,0.35,0.65,0.48,1770420093324,2059.83
0.57,0.35,0.65,0.48,1770420093376,2059.83
0.57,0.35,0.65,0.43,1770420095579,2059.82
0.57,0.35,0.79,0.43,1770420095592,2059.82
0.57,0.36,0.79,0.43,1770420095628,2059.82
0.57,0.36,0.64,0.43,1770420095630,2059.82
0.51,0.36,0.64,0.43,1770420097370,2059.18
0.51,0.36,0.64,0.49,1770420097396,2059.18
0.55,0.36,0.64,0.49,1770420097426,2059.18
0.55,0.36,0.63,0.45,1770420097428,2059.18
0.55,0.37,0.63,0.45,1770420097479,2059.18
0.55,0.37,0.62,0.45,1770420098700,2059.05
0.55,0.38,0.62,0.45,1770420098743,2059.05
0.55,0.21,0.62,0.45,1770420103675,2059.5
0.55,0.21,0.67,0.45,1770420103684,2059.5
0.55,0.37,0.67,0.45,1770420103717,2059.5
0.53,0.37,0.63,0.45,1770420104674,2060.26
0.55,0.37,0.63,0.47,1770420104921,2060.26
0.53,0.37,0.63,0.45,1770420105156,2060.26
0.53,0.37,0.63,0.47,1770420105157,2060.26
0.56,0.37,0.63,0.47,1770420105209,2060.26
0.56,0.37,0.63,0.44,1770420105210,2060.26
0.56,0.33,0.63,0.44,1770420105247,2060.26
0.56,0.33,0.67,0.44,1770420105248,2060.26
0.56,0.36,0.67,0.44,1770420105307,2060.54
0.56,0.36,0.64,0.44,1770420105401,2060.54
0.54,0.36,0.64,0.44,1770420105409,2060.54
0.54,0.36,0.64,0.46,1770420105410,2060.54
0.57,0.36,0.64,0.46,1770420105460,2060.54
0.57,0.36,0.64,0.43,1770420105939,2060.54
0.57,0.31,0.64,0.43,1770420108395,2061.37
0.57,0.31,0.79,0.43,1770420108432,2061.37
0.57,0.34,0.66,0.43,1770420108504,2061.37
0.55,0.34,0.66,0.43,1770420110801,2061.92
0.58,0.34,0.66,0.45,1770420110847,2061.92
0.58,0.34,0.66,0.42,1770420110848,2061.92
0.56,0.34,0.66,0.42,1770420130938,2062.44
0.56,0.34,0.66,0.44,1770420130939,2062.44
0.59,0.34,0.66,0.44,1770420130994,2062.44
0.59,0.34,0.66,0.41,1770420130995,2062.44
0.59,0.28,0.66,0.41,1770420131038,2062.44
0.59,0.33,0.72,0.41,1770420131076,2062.44
0.59,0.33,0.67,0.41,1770420131216,2062.76
0.57,0.33,0.67,0.41,1770420131350,2062.76
0.57,0.33,0.67,0.43,1770420131351,2062.76
0.6,0.33,0.67,0.43,1770420131365,2062.76
0.6,0.33,0.67,0.4,1770420131367,2062.76
0.6,0.26,0.67,0.4,1770420133233,2063.44
0.6,0.26,0.74,0.4,1770420133234,2063.44
0.6,0.32,0.74,0.4,1770420133280,2063.33
0.6,0.32,0.68,0.4,1770420133858,2063.33
0.57,0.32,0.68,0.4,1770420133880,2063.33
0.57,0.32,0.68,0.43,1770420133891,2063.33
0.61,0.32,0.68,0.43,1770420133916,2063.33
0.61,0.32,0.68,0.39,1770420133917,2063.33
0.61,0.17,0.68,0.39,1770420144078,2064.08
0.61,0.17,0.75,0.39,1770420144101,2064.08
0.61,0.28,0.75,0.39,1770420144142,2064.08
0.61,0.25,0.72,0.39,1770420144181,2064.08
0.61,0.27,0.75,0.39,1770420144252,2064.46
0.61,0.27,0.73,0.39,1770420144609,2064.46
0.61,0.25,0.73,0.39,1770420145268,2064.88
0.61,0.28,0.75,0.39,1770420145338,2064.88
0.61,0.28,0.72,0.39,1770420145799,2064.88
0.61,0.25,0.72,0.39,1770420149909,2064.29
0.61,0.29,0.75,0.39,1770420149952,2064.29
0.61,0.29,0.71,0.39,1770420149959,2064.29
0.61,0.13,0.71,0.39,1770420150778,2063.67
0.61,0.13,0.73,0.39,1770420150779,2063.67
0.61,0.29,0.73,0.39,1770420150849,2063.67
0.61,0.27,0.71,0.39,1770420150900,2063.67
0.61,0.27,0.73,0.39,1770420150901,2063.67
0.61,0.3,0.73,0.39,1770420150970,2063.67
0.61,0.3,0.7,0.39,1770420150971,2063.67
0.61,0.27,0.7,0.39,1770420152044,2063.2
0.61,0.27,0.87,0.39,1770420152075,2063.2
0.61,0.31,0.87,0.39,1770420152082,2063.2
0.61,0.31,0.69,0.39,1770420152122,2063.2
0.61,0.29,0.69,0.39,1770420156419,2062.51
0.61,0.29,0.87,0.39,1770420156447,2062.51
0.61,0.32,0.87,0.39,1770420156462,2062.51
0.61,0.32,0.68,0.39,1770420156474,2062.51
0.54,0.32,0.68,0.39,1770420159430,2061.78
0.54,0.32,0.68,0.46,1770420159442,2061.78
0.59,0.32,0.68,0.46,1770420159471,2061.78
0.59,0.32,0.68,0.41,1770420159476,2061.78
0.59,0.31,0.68,0.41,1770420160199,2061.78
0.59,0.32,0.69,0.41,1770420160267,2061.43
0.59,0.31,0.68,0.41,1770420160452,2061.43
0.59,0.31,0.69,0.41,1770420160453,2061.43
0.59,0.33,0.69,0.41,1770420160545,2061.43
0.59,0.33,0.67,0.41,1770420160592,2061.43
0.59,0.34,0.67,0.41,1770420179667,2060.75
0.59,0.34,0.66,0.41,1770420179668,2060.75
0.53,0.34,0.66,0.41,1770420179721,2060.75
0.55,0.34,0.66,0.47,1770420179903,2060.75
0.55,0.34,0.66,0.45,1770420179904,2060.75
0.55,0.35,0.66,0.45,1770420181504,2060.18
0.55,0.35,0.65,0.45,1770420181517,2060.18
0.53,0.35,0.65,0.45,1770420183287,2060.37
0.53,0.35,0.65,0.47,1770420183288,2060.37
0.56,0.35,0.65,0.47,1770420183340,2060.37
0.56,0.35,0.65,0.44,1770420184114,2060.37
0.56,0.35,0.64,0.44,1770420194257,2059.61
0.56,0.36,0.64,0.44,1770420194323,2059.61
0.56,0.36,0.63,0.44,1770420198617,2059.43
0.56,0.37,0.63,0.44,1770420198683,2059.43
0.56,0.37,0.62,0.44,1770420199677,2059.32
0.56,0.38,0.62,0.44,1770420199719,2059.32
0.56,0.38,0.79,0.44,1770420199745,2059.32
0.56,0.21,0.79,0.44,1770420199746,2059.32
0.56,0.38,0.79,0.44,1770420199782,2059.32
0.56,0.38,0.62,0.44,1770420199784,2059.32
0.51,0.38,0.62,0.44,1770420204776,2058.82
0.51,0.38,0.62,0.49,1770420204804,2058.82
0.55,0.38,0.62,0.49,1770420204817,2058.82
0.55,0.38,0.62,0.45,1770420204818,2058.82
0.55,0.38,0.61,0.45,1770420204834,2058.82
0.55,0.39,0.61,0.45,1770420204873,2058.82
0.55,0.39,0.6,0.45,1770420213399,2058.0
0.55,0.4,0.6,0.45,1770420213451,2058.0
0.5,0.4,0.6,0.45,1770420222821,2057.98
0.5,0.4,0.59,0.5,1770420222846,2057.98
0.5,0.41,0.59,0.5,1770420222847,2057.98
0.54,0.41,0.59,0.5,1770420222897,2057.98
0.54,0.41,0.59,0.46,1770420222904,2057.98
0.49,0.41,0.59,0.46,1770420229257,2057.14
0.53,0.41,0.59,0.51,1770420229300,2057.14
0.53,0.41,0.59,0.47,1770420232820,2056.5
0.48,0.41,0.59,0.47,1770420232831,2056.5
0.51,0.41,0.59,0.52,1770420232872,2056.5
0.51,0.41,0.59,0.49,1770420233034,2056.5
0.5,0.41,0.59,0.49,1770420235243,2057.59
0.5,0.41,0.59,0.5,1770420235244,2057.59
0.52,0.41,0.59,0.5,1770420235341,2057.59
0.52,0.41,0.59,0.48,1770420235542,2057.59
0.51,0.41,0.59,0.48,1770420235779,2057.59
0.53,0.41,0.59,0.49,1770420235814,2057.59
0.53,0.41,0.59,0.47,1770420235815,2057.59
0.55,0.41,0.59,0.47,1770420236499,2058.81
0.55,0.41,0.6,0.45,1770420236548,2058.81
0.55,0.4,0.6,0.45,1770420236549,2058.81
0.56,0.4,0.6,0.45,1770420236781,2058.81
0.56,0.4,0.6,0.44,1770420237511,2058.76
0.55,0.4,0.6,0.44,1770420246103,2059.3
0.55,0.4,0.6,0.45,1770420246140,2059.3
0.56,0.4,0.6,0.45,1770420251472,2058.34
0.56,0.4,0.6,0.44,1770420251986,2058.34
0.56,0.37,0.6,0.44,1770420263262,2059.93
0.56,0.39,0.63,0.44,1770420263555,2060.35
0.56,0.39,0.61,0.44,1770420263815,2060.35
0.55,0.39,0.61,0.44,1770420280036,2059.05
0.55,0.39,0.61,0.45,1770420280037,2059.05
0.55,0.4,0.61,0.45,1770420284039,2058.34
0.55,0.4,0.6,0.45,1770420284123,2058.34
0.56,0.4,0.6,0.45,1770420300275,2058.56
0.56,0.39,0.6,0.44,1770420301712,2058.79
0.56,0.39,0.61,0.44,1770420301713,2058.79
0.55,0.39,0.61,0.44,1770420325166,2060.1
0.55,0.39,0.61,0.45,1770420325182,2060.1
0.57,0.39,0.61,0.45,1770420325202,2060.1
0.57,0.39,0.61,0.43,1770420325203,2060.1
0.57,0.36,0.61,0.43,1770420347762,2061.33
0.56,0.36,0.64,0.43,1770420347763,2061.33
0.56,0.36,0.64,0.44,1770420347764,2061.33
0.58,0.36,0.64,0.44,1770420347798,2061.33
0.58,0.36,0.64,0.42,1770420348161,2061.33
0.56,0.36,0.64,0.42,1770420352635,2061.44
0.56,0.36,0.64,0.44,1770420352636,2061.44
0.59,0.36,0.64,0.44,1770420352672,2061.44
0.59,0.35,0.64,0.41,1770420352867,2061.44
0.59,0.35,0.65,0.41,1770420353864,2062.29
0.57,0.35,0.65,0.41,1770420358017,2062.29
0.57,0.35,0.65,0.43,1770420358039,2062.29
0.6,0.35,0.65,0.43,1770420358056,2062.29
0.6,0.35,0.65,0.4,1770420358196,2062.29
0.6,0.34,0.65,0.4,1770420358230,2062.89
0.6,0.34,0.66,0.4,1770420358691,2062.89
0.58,0.34,0.66,0.4,1770420376324,2063.43
0.61,0.34,0.66,0.42,1770420376377,2063.43
0.61,0.34,0.66,0.39,1770420376378,2063.43
0.61,0.33,0.66,0.39,1770420376745,2063.43
0.61,0.33,0.67,0.39,1770420378146,2063.83
0.59,0.33,0.67,0.39,1770420386599,2064.33
0.62,0.33,0.67,0.41,1770420386656,2064.33
0.62,0.33,0.67,0.38,1770420386682,2064.33
0.62,0.32,0.67,0.38,1770420387025,2064.33
0.62,0.32,0.68,0.38,1770420387248,2064.33
0.6,0.32,0.68,0.38,1770420395128,2064.82
0.6,0.32,0.68,0.4,1770420395129,2064.82
0.63,0.32,0.68,0.4,1770420395164,2064.82
0.63,0.32,0.68,0.37,1770420395305,2064.99
0.63,0.31,0.68,0.37,1770420395307,2064.99
0.63,0.31,0.69,0.37,1770420395332,2064.99
0.59,0.31,0.69,0.37,1770420423803,2063.39
0.62,0.31,0.69,0.41,1770420423853,2063.39
0.62,0.31,0.69,0.38,1770420423956,2063.39
0.58,0.31,0.69,0.38,1770420425996,2062.6
0.58,0.31,0.69,0.42,1770420426003,2062.6
0.61,0.31,0.69,0.42,1770420426037,2062.6
0.61,0.31,0.69,0.39,1770420427391,2062.31
0.6,0.31,0.69,0.39,1770420446544,2064.51
0.6,0.31,0.69,0.4,1770420446570,2064.51
0.62,0.31,0.69,0.4,1770420446578,2064.51
0.62,0.31,0.69,0.38,1770420446620,2064.51
0.6,0.31,0.69,0.38,1770420447118,2064.51
0.6,0.31,0.69,0.4,1770420447143,2064.51
0.63,0.31,0.69,0.4,1770420447180,2064.51
0.6,0.31,0.69,0.37,1770420447254,2064.62
0.6,0.31,0.69,0.4,1770420447273,2064.62
0.63,0.31,0.69,0.4,1770420447310,2064.62
0.63,0.31,0.69,0.37,1770420447368,2064.62
0.61,0.31,0.69,0.37,1770420452640,2065.53
0.61,0.31,0.69,0.39,1770420452641,2065.53
0.64,0.31,0.69,0.39,1770420452690,2065.53
0.64,0.31,0.69,0.36,1770420452702,2065.53
0.64,0.3,0.69,0.36,1770420452919,2065.53
0.64,0.3,0.7,0.36,1770420453782,2065.98
0.62,0.3,0.7,0.36,1770420456379,2065.98
0.62,0.3,0.7,0.38,1770420456394,2065.98
0.65,0.3,0.7,0.38,1770420456446,2065.98
0.65,0.3,0.7,0.35,1770420456466,2065.98
0.63,0.3,0.7,0.35,1770420456483,2065.98
0.63,0.3,0.7,0.37,1770420456484,2065.98
0.62,0.3,0.7,0.37,1770420456498,2065.98
0.66,0.3,0.7,0.38,1770420456537,2065.98
0.66,0.3,0.7,0.34,1770420456538,2065.98
0.66,0.29,0.7,0.34,1770420456684,2065.98
0.66,0.29,0.71,0.34,1770420456763,2065.98
0.66,0.28,0.71,0.34,1770420456975,2065.98
0.66,0.28,0.72,0.34,1770420457156,2065.98
0.62,0.28,0.72,0.34,1770420458795,2066.16
0.64,0.28,0.72,0.38,1770420458850,2066.16
0.64,0.28,0.72,0.36,1770420458888,2066.16
0.63,0.28,0.72,0.36,1770420467387,2065.7
0.63,0.28,0.72,0.37,1770420467414,2065.7
0.65,0.28,0.72,0.37,1770420467422,2065.7
0.65,0.28,0.72,0.35,1770420467423,2065.7
0.63,0.28,0.72,0.35,1770420476857,2066.55
0.66,0.28,0.72,0.37,1770420476903,2066.55
0.66,0.28,0.72,0.34,1770420477869,2067.12
0.64,0.28,0.72,0.34,1770420479918,2067.36
0.64,0.28,0.72,0.36,1770420479929,2067.36
0.68,0.28,0.72,0.36,1770420479981,2067.36
0.68,0.28,0.72,0.32,1770420479991,2067.36
0.68,0.27,0.72,0.32,1770420480363,2068.41
0.68,0.26,0.73,0.32,1770420480715,2068.41
0.68,0.26,0.74,0.32,1770420480972,2068.41
0.66,0.26,0.74,0.32,1770420484190,2066.93
0.66,0.26,0.74,0.34,1770420484271,2066.58
0.67,0.26,0.74,0.34,1770420496824,2067.1
0.67,0.26,0.74,0.33,1770420496896,2067.1
0.65,0.26,0.74,0.33,1770420506145,2065.68
0.66,0.26,0.74,0.35,1770420506192,2065.68
0.66,0.26,0.74,0.34,1770420506497,2065.32
0.66,0.27,0.74,0.34,1770420507115,2065.32
0.66,0.27,0.73,0.34,1770420507158,2065.32
0.64,0.27,0.73,0.34,1770420507383,2064.81
0.64,0.27,0.73,0.36,1770420507384,2064.81
0.64,0.26,0.73,0.36,1770420509347,2064.43
0.64,0.26,0.74,0.36,1770420509370,2064.43
0.64,0.28,0.74,0.36,1770420509404,2064.43
0.64,0.28,0.72,0.36,1770420509545,2064.43
0.64,0.26,0.72,0.36,1770420516656,2065.66
0.64,0.26,0.74,0.36,1770420516657,2065.66
0.66,0.26,0.74,0.36,1770420516697,2065.66
0.66,0.26,0.74,0.34,1770420516709,2065.66
0.65,0.26,0.74,0.34,1770420540170,2065.19
0.65,0.27,0.74,0.35,1770420540201,2065.19
0.65,0.27,0.73,0.35,1770420540225,2065.19
0.65,0.26,0.73,0.35,1770420546258,2066.48
0.65,0.26,0.74,0.35,1770420546259,2066.48
0.67,0.26,0.74,0.35,1770420546297,2066.48
0.67,0.26,0.74,0.33,1770420546339,2066.48
0.65,0.26,0.74,0.33,1770420565518,2067.47
0.65,0.26,0.74,0.35,1770420565519,2067.47
0.68,0.26,0.74,0.35,1770420565555,2067.47
0.68,0.26,0.74,0.32,1770420565569,2067.47
0.65,0.26,0.74,0.32,1770420565642,2067.47
0.65,0.26,0.74,0.35,1770420565672,2067.47
0.69,0.26,0.74,0.35,1770420565683,2067.47
0.69,0.26,0.74,0.31,1770420565684,2067.47
0.69,0.25,0.74,0.31,1770420566056,2067.47
0.69,0.25,0.75,0.31,1770420566109,2067.47
0.69,0.26,0.75,0.31,1770420578792,2069.63
0.69,0.26,0.74,0.31,1770420581885,2069.36
0.64,0.26,0.74,0.31,1770420590323,2066.97
0.68,0.26,0.74,0.36,1770420590341,2066.97
0.68,0.26,0.74,0.32,1770420590503,2066.97
0.64,0.26,0.74,0.32,1770420590504,2066.97
0.64,0.26,0.74,0.36,1770420591365,2066.76
0.65,0.26,0.74,0.36,1770420599938,2069.02
0.65,0.26,0.74,0.35,1770420599967,2069.02
0.64,0.26,0.74,0.35,1770420600453,2069.92
0.64,0.26,0.74,0.36,1770420600456,2069.92
0.69,0.26,0.74,0.36,1770420611751,2069.69
0.69,0.26,0.74,0.31,1770420611752,2069.69
0.65,0.26,0.74,0.31,1770420613119,2069.7
0.65,0.26,0.74,0.35,1770420613120,2069.7
0.7,0.26,0.74,0.35,1770420613158,2069.7
0.7,0.26,0.74,0.3,1770420613189,2069.7
0.7,0.25,0.74,0.3,1770420613199,2069.7
0.7,0.25,0.75,0.3,1770420613200,2069.7
0.7,0.24,0.75,0.3,1770420613517,2070.63
0.7,0.24,0.76,0.3,1770420614850,2070.47
0.67,0.24,0.76,0.3,1770420617182,2070.1
0.67,0.24,0.76,0.33,1770420617207,2070.1
0.71,0.24,0.76,0.33,1770420617264,2070.1
0.67,0.24,0.76,0.29,1770420617306,2070.51
0.67,0.24,0.76,0.33,1770420617318,2070.51
0.72,0.24,0.76,0.33,1770420617365,2070.51
0.72,0.24,0.76,0.28,1770420617366,2070.51
0.72,0.23,0.76,0.28,1770420617530,2070.51
0.72,0.23,0.77,0.28,1770420617546,2070.51
0.72,0.22,0.77,0.28,1770420617880,2070.51
0.72,0.22,0.78,0.28,1770420617881,2070.51
0.72,0.22,0.78,0.27,1770420630703,2072.54
0.73,0.22,0.78,0.27,1770420630704,2072.54
0.7,0.22,0.78,0.27,1770420638924,2072.06
0.7,0.22,0.78,0.3,1770420638927,2072.06
0.73,0.22,0.78,0.3,1770420638994,2072.06
0.73,0.22,0.78,0.27,1770420639016,2072.06
0.7,0.22,0.78,0.27,1770420639597,2072.96
0.7,0.22,0.78,0.3,1770420639598,2072.96
0.74,0.22,0.78,0.3,1770420639635,2072.96
0.74,0.22,0.78,0.26,1770420639657,2072.96
0.74,0.21,0.78,0.26,1770420643360,2073.5
0.71,0.21,0.79,0.26,1770420643363,2073.5
0.71,0.21,0.79,0.29,1770420643366,2073.5
0.75,0.21,0.79,0.29,1770420643435,2073.5
0.75,0.21,0.79,0.25,1770420643448,2073.5
0.75,0.2,0.79,0.25,1770420643874,2073.5
0.75,0.19,0.8,0.25,1770420644242,2073.63
0.75,0.19,0.81,0.25,1770420646775,2073.43
0.71,0.19,0.81,0.25,1770420649070,2073.43
0.71,0.19,0.81,0.29,1770420649103,2073.43
0.73,0.19,0.81,0.29,1770420649113,2073.43
0.76,0.19,0.81,0.27,1770420649184,2073.43
0.76,0.18,0.81,0.24,1770420649367,2074.69
0.76,0.18,0.82,0.24,1770420649803,2074.69
0.74,0.18,0.82,0.24,1770420664391,2072.76
0.74,0.18,0.82,0.26,1770420664420,2072.76
0.75,0.18,0.82,0.26,1770420664437,2072.76
0.75,0.18,0.82,0.25,1770420664438,2072.76
0.72,0.18,0.82,0.25,1770420666606,2071.72
0.72,0.18,0.82,0.28,1770420666671,2071.72
0.72,0.19,0.82,0.28,1770420668433,2071.53
0.72,0.19,0.81,0.28,1770420668996,2071.53
0.72,0.18,0.81,0.28,1770420672616,2070.49
0.72,0.2,0.82,0.28,1770420672671,2070.49
0.72,0.2,0.8,0.28,1770420673416,2070.49
0.71,0.2,0.8,0.28,1770420677527,2072.76
0.71,0.2,0.8,0.29,1770420677548,2072.76
0.73,0.2,0.8,0.29,1770420677569,2072.76
0.73,0.2,0.8,0.27,1770420677591,2072.76
0.73,0.19,0.8,0.27,1770420678359,2072.97
0.73,0.19,0.81,0.27,1770420678399,2072.97
0.71,0.19,0.81,0.27,1770420681311,2073.28
0.74,0.19,0.81,0.29,1770420681382,2073.28
0.74,0.19,0.81,0.26,1770420684350,2073.37
0.72,0.19,0.81,0.26,1770420688011,2072.74
0.74,0.19,0.81,0.28,1770420688092,2072.74
0.72,0.19,0.81,0.26,1770420688209,2074.41
0.75,0.19,0.81,0.28,1770420688345,2074.41
0.75,0.19,0.81,0.25,1770420689938,2074.42
0.72,0.19,0.81,0.25,1770420690724,2074.81
0.76,0.19,0.81,0.28,1770420690763,2074.81
0.76,0.18,0.81,0.24,1770420691100,2074.81
0.76,0.18,0.82,0.24,1770420693768,2075.19
0.74,0.18,0.82,0.24,1770420704969,2075.46
0.74,0.18,0.82,0.26,1770420704980,2075.46
0.77,0.18,0.82,0.26,1770420705047,2075.46
0.77,0.18,0.82,0.23,1770420705056,2075.46
0.74,0.18,0.82,0.23,1770420705110,2075.46
0.74,0.18,0.82,0.26,1770420705111,2075.46
0.78,0.18,0.82,0.26,1770420705158,2075.46
0.78,0.18,0.82,0.22,1770420705159,2075.46
0.78,0.17,0.82,0.22,1770420705361,2076.96
0.78,0.17,0.83,0.22,1770420705467,2076.96
0.74,0.17,0.83,0.22,1770420705477,2076.96
0.79,0.17,0.83,0.26,1770420705517,2076.96
0.79,0.17,0.83,0.21,1770420705639,2076.96
0.79,0.16,0.83,0.21,1770420705640,2076.96
0.79,0.16,0.84,0.21,1770420705644,2076.96
0.79,0.15,0.84,0.21,1770420706034,2076.96
0.79,0.15,0.85,0.21,1770420706251,2077.68
0.77,0.15,0.85,0.21,1770420734601,2075.47
0.77,0.15,0.85,0.23,1770420734728,2075.47
0.77,0.16,0.85,0.23,1770420739945,2074.03
0.77,0.16,0.84,0.23,1770420740083,2074.03
0.75,0.16,0.84,0.23,1770420743341,2073.52
0.75,0.16,0.84,0.25,1770420743342,2073.52
0.75,0.15,0.84,0.25,1770420744701,2072.99
0.75,0.17,0.85,0.25,1770420744838,2072.99
0.75,0.17,0.83,0.25,1770420745221,2072.99
0.75,0.16,0.83,0.25,1770420760876,2072.8
0.75,0.16,0.84,0.25,1770420760898,2072.8
0.75,0.18,0.84,0.25,1770420760964,2072.8
0.75,0.18,0.82,0.25,1770420761206,2072.8
0.75,0.16,0.82,0.25,1770420796322,2073.8
0.75,0.17,0.84,0.25,1770420796387,2073.8
0.75,0.17,0.83,0.25,1770420797978,2075.55
0.74,0.17,0.83,0.25,1770420798558,2075.61
0.75,0.17,0.83,0.26,1770420798777,2075.61
0.75,0.17,0.83,0.25,1770420799489,2075.85
0.74,0.17,0.83,0.25,1770420801015,2075.85
0.74,0.17,0.83,0.26,1770420801094,2075.85
0.76,0.17,0.83,0.26,1770420801116,2075.85
0.76,0.17,0.83,0.24,1770420801117,2075.85
0.76,0.16,0.83,0.24,1770420820040,2076.09
0.74,0.16,0.84,0.24,1770420820047,2076.09
0.74,0.16,0.84,0.26,1770420820058,2076.09
0.77,0.16,0.84,0.26,1770420820133,2076.09
0.77,0.16,0.84,0.23,1770420820163,2076.09
0.75,0.16,0.84,0.23,1770420852813,2074.01
0.76,0.16,0.84,0.25,1770420852862,2074.01
0.76,0.16,0.84,0.24,1770420866132,2073.97
0.75,0.16,0.84,0.24,1770420904051,2075.07
0.75,0.16,0.84,0.25,1770420904052,2075.07
0.77,0.16,0.84,0.25,1770420904119,2075.07
0.77,0.16,0.84,0.23,1770420904296,2076.47
0.75,0.16,0.84,0.23,1770420905645,2076.78
0.78,0.16,0.84,0.25,1770420905693,2076.78
0.78,0.16,0.84,0.22,1770420907817,2077.39
0.76,0.16,0.84,0.22,1770420960706,2074.36
0.76,0.16,0.84,0.24,1770420960717,2074.36
0.77,0.16,0.84,0.24,1770420960745,2074.36
0.77,0.16,0.84,0.23,1770420960756,2074.36
0.76,0.16,0.84,0.23,1770420962106,2073.09
0.76,0.16,0.84,0.24,1770420962107,2073.09
0.76,0.17,0.84,0.24,1770420962971,2072.67
0.76,0.17,0.83,0.24,1770420963046,2072.67
0.75,0.17,0.83,0.24,1770420964668,2072.32
0.75,0.17,0.83,0.25,1770420964784,2072.32
0.75,0.16,0.83,0.25,1770420970104,2071.94
0.75,0.16,0.84,0.25,1770420970105,2071.94
0.75,0.18,0.84,0.25,1770420970166,2071.94
0.75,0.18,0.82,0.25,1770420970366,2071.41
0.74,0.18,0.82,0.25,1770420970420,2071.41
0.74,0.18,0.82,0.26,1770420970456,2071.41
0.74,0.17,0.82,0.26,1770420972117,2071.13
0.74,0.19,0.83,0.26,1770420972168,2071.13
0.74,0.19,0.81,0.26,1770420972188,2071.13
0.73,0.19,0.81,0.26,1770421011237,2070.73
0.73,0.19,0.81,0.27,1770421011238,2070.73
0.73,0.17,0.81,0.27,1770421011275,2070.73
0.73,0.17,0.83,0.27,1770421011279,2070.73
0.73,0.2,0.83,0.27,1770421011335,2070.73
0.73,0.2,0.8,0.27,1770421011435,2070.73
0.72,0.2,0.8,0.27,1770421011492,2070.73
0.72,0.2,0.8,0.28,1770421011504,2070.73
0.71,0.2,0.8,0.28,1770421011505,2070.73
0.73,0.2,0.8,0.29,1770421011536,2070.73
0.73,0.2,0.8,0.27,1770421011537,2070.73
0.71,0.2,0.8,0.27,1770421011694,2070.73
0.72,0.2,0.8,0.29,1770421011739,2070.73
0.72,0.2,0.8,0.28,1770421011740,2070.73
0.72,0.19,0.8,0.28,1770421016986,2069.61
0.71,0.19,0.81,0.28,1770421017000,2069.61
0.71,0.19,0.81,0.29,1770421017006,2069.61
0.71,0.21,0.81,0.29,1770421017080,2069.61
0.71,0.21,0.79,0.29,1770421017081,2069.61
0.7,0.21,0.79,0.29,1770421017120,2069.61
0.71,0.21,0.79,0.3,1770421017129,2069.61
0.71,0.21,0.79,0.29,1770421017241,2069.61
0.71,0.19,0.79,0.29,1770421017568,2068.56
0.71,0.22,0.81,0.29,1770421017703,2068.56
0.7,0.22,0.78,0.29,1770421017712,2068.56
0.7,0.22,0.78,0.3,1770421017761,2068.56
0.69,0.22,0.78,0.3,1770421017781,2068.56
0.7,0.22,0.78,0.31,1770421017828,2068.56
0.7,0.22,0.78,0.3,1770421017829,2068.56
0.7,0.21,0.78,0.3,1770421020290,2068.08
0.7,0.21,0.79,0.3,1770421020291,2068.08
0.7,0.23,0.79,0.3,1770421020316,2068.08
0.7,0.23,0.77,0.3,1770421020387,2068.08
0.68,0.23,0.77,0.3,1770421020623,2068.08
0.68,0.23,0.77,0.32,1770421020624,2068.08
0.69,0.23,0.77,0.32,1770421028308,2068.1
0.69,0.23,0.77,0.31,1770421028309,2068.1
0.7,0.23,0.77,0.31,1770421034046,2068.36
0.7,0.23,0.77,0.3,1770421035060,2069.03
0.7,0.23,0.77,0.29,1770421041546,2067.78
0.71,0.23,0.77,0.29,1770421041593,2067.78
0.71,0.23,0.77,0.31,1770421100638,2067.25
0.69,0.23,0.77,0.3,1770421101398,2067.26
0.7,0.23,0.77,0.3,1770421101399,2067.26
0.7,0.2,0.77,0.3,1770421128545,2066.84
0.7,0.2,0.8,0.3,1770421128566,2066.84
0.7,0.24,0.8,0.3,1770421128598,2066.84
0.7,0.24,0.76,0.3,1770421128643,2066.84
0.7,0.18,0.76,0.3,1770421162099,2067.98
0.7,0.23,0.82,0.3,1770421162126,2067.98
0.7,0.23,0.77,0.3,1770421162871,2068.4
0.7,0.17,0.77,0.3,1770421169173,2068.5
0.7,0.22,0.83,0.3,1770421169221,2068.5
0.7,0.22,0.78,0.3,1770421169222,2068.5
0.71,0.22,0.78,0.3,1770421172657,2068.8
0.71,0.22,0.78,0.29,1770421172812,2068.8
0.71,0.16,0.78,0.29,1770421179345,2069.56
0.71,0.16,0.84,0.29,1770421179349,2069.56
0.71,0.21,0.84,0.29,1770421179416,2069.56
0.71,0.21,0.79,0.29,1770421179417,2069.56
0.72,0.21,0.79,0.29,1770421179455,2069.56
0.72,0.21,0.79,0.28,1770421179466,2069.56
0.7,0.21,0.79,0.28,1770421207309,2068.2
0.7,0.21,0.79,0.3,1770421207336,2068.2
0.7,0.18,0.79,0.3,1770421208220,2068.2
0.7,0.22,0.82,0.3,1770421208262,2067.9
0.7,0.22,0.78,0.3,1770421208708,2067.9
0.7,0.19,0.78,0.3,1770421209181,2067.9
0.7,0.23,0.81,0.3,1770421209352,2067.58
0.7,0.23,0.77,0.3,1770421209514,2067.58
0.71,0.23,0.77,0.3,1770421230547,2068.95
0.71,0.23,0.77,0.29,1770421230548,2068.95
0.71,0.16,0.77,0.29,1770421242576,2068.95
0.71,0.19,0.84,0.29,1770421242729,2068.95
0.71,0.19,0.81,0.29,1770421242730,2068.95
0.72,0.19,0.81,0.29,1770421246278,2069.43
0.72,0.19,0.81,0.28,1770421246536,2069.43
0.73,0.19,0.81,0.28,1770421263866,2069.9
0.73,0.19,0.81,0.27,1770421263875,2069.9
0.74,0.19,0.81,0.27,1770421263963,2069.9
0.74,0.19,0.81,0.26,1770421263986,2069.9
0.7,0.19,0.81,0.26,1770421264054,2069.9
0.71,0.19,0.81,0.3,1770421264085,2069.9
0.75,0.19,0.81,0.29,1770421264092,2069.9
0.75,0.19,0.81,0.25,1770421264097,2069.9
0.75,0.13,0.81,0.25,1770421265758,2071.71
0.75,0.14,0.87,0.25,1770421265829,2071.71
0.75,0.13,0.86,0.25,1770421265862,2071.71
0.75,0.15,0.87,0.25,1770421265908,2071.71
0.75,0.15,0.85,0.25,1770421267124,2072.03
0.76,0.15,0.85,0.25,1770421268374,2072.41
0.76,0.15,0.85,0.24,1770421270775,2072.97
0.76,0.12,0.85,0.24,1770421273569,2071.96
0.76,0.16,0.88,0.24,1770421273616,2071.96
0.76,0.16,0.84,0.24,1770421279817,2071.45
0.76,0.12,0.84,0.24,1770421282812,2070.59
0.76,0.12,0.88,0.24,1770421282813,2070.59
0.71,0.12,0.88,0.24,1770421282818,2070.59
0.71,0.12,0.86,0.29,1770421282835,2070.59
0.71,0.17,0.86,0.29,1770421282851,2070.59
0.72,0.17,0.83,0.29,1770421282883,2070.59
0.72,0.14,0.83,0.28,1770421282998,2070.59
0.72,0.18,0.86,0.28,1770421283054,2070.59
0.72,0.18,0.82,0.28,1770421283055,2070.59
0.73,0.18,0.82,0.28,1770421293238,2070.11
0.73,0.18,0.82,0.27,1770421293545,2070.34
0.59,0.18,0.82,0.27,1770421295514,2070.59
0.6,0.18,0.82,0.41,1770421295527,2070.59
0.74,0.18,0.82,0.4,1770421295544,2070.59
0.74,0.18,0.82,0.26,1770421295556,2070.59
0.74,0.15,0.82,0.26,1770421322561,2069.54
0.74,0.15,0.92,0.26,1770421322571,2069.54
0.74,0.08,0.92,0.26,1770421322572,2069.54
0.74,0.19,0.92,0.26,1770421322598,2069.54
0.74,0.19,0.81,0.26,1770421322600,2069.54
0.69,0.19,0.81,0.26,1770421322672,2069.54
0.73,0.19,0.81,0.31,1770421322721,2069.54
0.73,0.19,0.81,0.27,1770421322738,2069.54
0.73,0.16,0.81,0.27,1770421324525,2068.83
0.73,0.2,0.84,0.27,1770421324626,2068.83
0.73,0.2,0.8,0.27,1770421324627,2068.83
0.68,0.2,0.8,0.27,1770421324898,2068.83
0.68,0.2,0.8,0.32,1770421324902,2068.83
0.71,0.2,0.8,0.32,1770421324966,2068.83
0.71,0.2,0.8,0.29,1770421326716,2068.08
0.71,0.17,0.8,0.29,1770421326725,2068.08
0.71,0.17,0.9,0.29,1770421326726,2068.08
0.71,0.21,0.9,0.29,1770421326769,2068.08
0.71,0.21,0.79,0.29,1770421326772,2068.08
0.71,0.19,0.79,0.29,1770421330365,2067.19
0.71,0.21,0.81,0.29,1770421330420,2067.19
0.71,0.19,0.79,0.29,1770421330658,2067.19
0.71,0.19,0.81,0.29,1770421330917,2067.19
0.71,0.22,0.81,0.29,1770421330920,2067.19
0.71,0.22,0.78,0.29,1770421330921,2067.19
0.7,0.22,0.78,0.29,1770421332063,2067.03
0.7,0.22,0.78,0.3,1770421332076,2067.03
0.7,0.2,0.78,0.3,1770421334728,2067.04
0.7,0.2,0.8,0.3,1770421334729,2067.04
0.7,0.23,0.8,0.3,1770421334909,2067.04
0.7,0.23,0.77,0.3,1770421335195,2067.04
0.69,0.23,0.77,0.3,1770421335340,2066.53
0.69,0.23,0.77,0.31,1770421335375,2066.53
0.69,0.23,0.77,0.3,1770421341688,2067.58
0.7,0.23,0.77,0.3,1770421341799,2067.58
0.7,0.21,0.77,0.3,1770421357466,2066.08
0.7,0.21,0.79,0.3,1770421357467,2066.08
0.7,0.21,0.78,0.3,1770421357499,2066.08
0.7,0.24,0.78,0.3,1770421357525,2066.08
0.7,0.24,0.76,0.3,1770421357526,2066.08
0.7,0.22,0.76,0.3,1770421384996,2066.96
0.7,0.23,0.78,0.3,1770421385036,2066.96
0.7,0.23,0.77,0.3,1770421385205,2066.96
0.7,0.22,0.77,0.3,1770421409200,2065.9
0.7,0.22,0.78,0.3,1770421409297,2065.73
0.7,0.24,0.78,0.3,1770421409309,2065.73
0.7,0.24,0.76,0.3,1770421413370,2065.53
0.7,0.22,0.76,0.3,1770421414085,2065.53
0.7,0.22,0.78,0.3,1770421414086,2065.53
0.7,0.22,0.77,0.3,1770421414150,2065.53
0.7,0.25,0.77,0.3,1770421414162,2065.53
0.7,0.25,0.75,0.3,1770421414617,2064.66
0.7,0.23,0.75,0.3,1770421417598,2064.75
0.7,0.23,0.78,0.3,1770421417606,2064.75
0.7,0.22,0.76,0.3,1770421417642,2064.75
0.7,0.24,0.76,0.3,1770421417643,2064.75
0.7,0.26,0.76,0.3,1770421417663,2064.75
0.7,0.26,0.74,0.3,1770421417779,2064.75
0.7,0.23,0.74,0.3,1770421457709,2065.91
0.7,0.23,0.77,0.3,1770421457730,2065.91
0.7,0.24,0.77,0.3,1770421466672,2065.05
0.7,0.24,0.76,0.3,1770421466673,2065.05
0.7,0.23,0.76,0.3,1770421471101,2065.1
0.7,0.23,0.77,0.3,1770421471110,2065.1
0.7,0.25,0.77,0.3,1770421471143,2065.1
0.7,0.25,0.75,0.3,1770421471206,2065.1
0.7,0.23,0.75,0.3,1770421490503,2064.58
0.7,0.23,0.77,0.3,1770421490504,2064.58
0.7,0.23,0.76,0.3,1770421494017,2063.87
0.7,0.24,0.76,0.3,1770421494042,2063.87
0.7,0.24,0.77,0.3,1770421500701,2064.38
0.7,0.23,0.75,0.3,1770421500753,2064.38
0.7,0.25,0.75,0.3,1770421500880,2064.38
0.7,0.25,0.77,0.3,1770421502506,2063.01
0.7,0.23,0.74,0.3,1770421502550,2063.01
0.7,0.26,0.74,0.3,1770421502551,2063.01
0.7,0.26,0.77,0.3,1770421504735,2062.98
0.7,0.23,0.75,0.3,1770421504771,2062.98
0.7,0.25,0.75,0.3,1770421505306,2063.64
0.7,0.25,0.77,0.3,1770421506270,2063.46
0.7,0.23,0.74,0.3,1770421506298,2063.46
0.7,0.26,0.74,0.3,1770421507714,2063.39
0.7,0.26,0.74,0.33,1770421517591,2063.11
0.67,0.26,0.74,0.33,1770421518107,2063.11
0.67,0.26,0.73,0.33,1770421518139,2063.11
0.67,0.27,0.73,0.33,1770421518328,2062.87
0.67,0.27,0.75,0.33,1770421534635,2064.53
0.67,0.25,0.75,0.33,1770421534638,2064.53
0.68,0.25,0.75,0.33,1770421536399,2064.85
0.68,0.25,0.75,0.32,1770421536424,2064.85
0.69,0.25,0.75,0.32,1770421536428,2064.85
0.69,0.25,0.75,0.31,1770421536429,2064.85
0.7,0.25,0.75,0.31,1770421538499,2066.55
0.7,0.25,0.75,0.3,1770421538500,2066.55
0.7,0.24,0.75,0.3,1770421538726,2066.55
0.7,0.24,0.76,0.3,1770421538727,2066.55
0.68,0.24,0.76,0.3,1770421580933,2066.08
0.68,0.24,0.76,0.32,1770421580957,2066.08
0.69,0.24,0.76,0.32,1770421580958,2066.08
0.71,0.24,0.76,0.31,1770421580964,2066.08
0.71,0.24,0.76,0.29,1770421580965,2066.08
0.71,0.23,0.76,0.29,1770421581276,2066.58
0.71,0.23,0.77,0.29,1770421581639,2066.58
0.71,0.22,0.77,0.29,1770421653431,2065.51
0.71,0.22,0.78,0.29,1770421653545,2065.51
0.72,0.22,0.78,0.29,1770421685464,2066.17
0.72,0.22,0.78,0.28,1770421685465,2066.17
0.71,0.22,0.78,0.28,1770421687214,2066.54
0.71,0.22,0.78,0.29,1770421687215,2066.54
0.72,0.22,0.78,0.29,1770421687296,2066.67
0.72,0.22,0.78,0.28,1770421688326,2066.84
0.73,0.22,0.78,0.28,1770421688450,2066.84
0.73,0.22,0.78,0.27,1770421688757,2066.84
0.73,0.21,0.78,0.27,1770421688834,2066.84
0.73,0.21,0.79,0.27,1770421689657,2067.14
0.74,0.21,0.79,0.27,1770421689837,2067.14
0.74,0.2,0.79,0.26,1770421689985,2067.14
0.74,0.2,0.8,0.26,1770421690281,2067.77
0.7,0.2,0.8,0.26,1770421691855,2067.77
0.7,0.2,0.8,0.3,1770421691856,2067.77
0.71,0.2,0.8,0.3,1770421691875,2067.77
0.71,0.2,0.8,0.29,1770421691878,2067.77
0.75,0.2,0.8,0.29,1770421691915,2067.77
0.75,0.2,0.8,0.25,1770421691920,2067.77
0.75,0.19,0.8,0.25,1770421692264,2067.77
0.75,0.19,0.81,0.25,1770421692267,2067.77
0.76,0.19,0.81,0.25,1770421710987,2068.61
0.76,0.19,0.81,0.24,1770421711080,2068.61
0.76,0.18,0.81,0.24,1770421711532,2068.91
0.76,0.18,0.82,0.24,1770421711705,2068.91
0.77,0.18,0.82,0.24,1770421714099,2068.92
0.77,0.18,0.82,0.23,1770421714127,2068.92
0.77,0.17,0.82,0.23,1770421714487,2069.43
0.77,0.17,0.83,0.23,1770421714609,2069.43
0.75,0.17,0.83,0.23,1770421726187,2068.54
0.75,0.17,0.83,0.25,1770421726347,2068.27
0.75,0.17,0.82,0.25,1770421733064,2067.32
0.75,0.18,0.82,0.25,1770421733201,2067.32
0.75,0.18,0.81,0.25,1770421736358,2066.74
0.75,0.19,0.81,0.25,1770421736578,2066.74
0.74,0.19,0.81,0.25,1770421742195,2066.51
0.74,0.19,0.81,0.26,1770421742247,2066.51
0.74,0.19,0.8,0.26,1770421743862,2066.15
0.74,0.2,0.8,0.26,1770421743863,2066.15
0.73,0.2,0.8,0.26,1770421744836,2065.84
0.73,0.2,0.8,0.27,1770421745145,2065.84
0.73,0.2,0.79,0.27,1770421746044,2065.67
0.73,0.21,0.79,0.27,1770421746182,2065.67
0.72,0.21,0.79,0.27,1770421747549,2065.16
0.72,0.21,0.79,0.28,1770421749507,2065.11
0.72,0.21,0.78,0.28,1770421774629,2065.15
0.72,0.22,0.78,0.28,1770421774773,2065.15
0.73,0.22,0.78,0.28,1770421799416,2065.93
0.73,0.22,0.78,0.27,1770421799446,2065.93
0.74,0.22,0.78,0.27,1770421806933,2066.56
0.74,0.22,0.78,0.26,1770421807041,2066.56
0.75,0.22,0.78,0.26,1770421807550,2067.16
0.75,0.22,0.78,0.25,1770421807959,2067.16
0.71,0.22,0.78,0.25,1770421811800,2066.08
0.74,0.22,0.78,0.29,1770421811841,2066.08
0.74,0.22,0.78,0.26,1770421814750,2065.84
0.71,0.22,0.78,0.26,1770421814828,2065.84
0.71,0.22,0.78,0.29,1770421814835,2065.84
0.73,0.22,0.78,0.29,1770421814867,2065.84
0.73,0.22,0.78,0.27,1770421814977,2065.84
0.71,0.22,0.78,0.27,1770421816508,2065.16
0.72,0.22,0.78,0.29,1770421816546,2065.16
0.72,0.22,0.78,0.28,1770421816547,2065.16
0.72,0.23,0.78,0.28,1770421829143,2065.31
0.72,0.23,0.77,0.28,1770421831567,2065.05
0.7,0.23,0.77,0.28,1770421862378,2064.78
0.7,0.23,0.77,0.3,1770421862426,2064.78
0.7,0.23,0.76,0.3,1770421862458,2064.78
0.7,0.24,0.76,0.3,1770421862547,2064.78
0.7,0.24,0.75,0.3,1770421863806,2064.07
0.7,0.25,0.75,0.3,1770421863892,2064.07
0.7,0.25,0.74,0.3,1770421865329,2063.55
0.7,0.26,0.74,0.3,1770421865394,2063.55
0.69,0.26,0.74,0.3,1770421865927,2063.55
0.69,0.26,0.74,0.31,1770421866014,2063.55
0.69,0.26,0.73,0.31,1770421869063,2063.29
0.69,0.27,0.73,0.31,1770421869064,2063.29
0.68,0.27,0.73,0.31,1770421869797,2062.98
0.68,0.27,0.73,0.32,1770421869798,2062.98
0.67,0.27,0.73,0.32,1770421871700,2062.78
0.67,0.27,0.73,0.33,1770421871701,2062.78
0.67,0.27,0.72,0.33,1770421871703,2062.78
0.67,0.28,0.72,0.33,1770421871714,2062.78
0.66,0.28,0.72,0.33,1770421884769,2062.41
0.66,0.28,0.72,0.34,1770421884839,2062.41
0.66,0.28,0.71,0.34,1770421888894,2062.12
0.66,0.29,0.71,0.34,1770421888959,2062.12
0.65,0.29,0.71,0.34,1770421889227,2061.77
0.65,0.29,0.71,0.35,1770421889312,2061.77
0.65,0.29,0.7,0.35,1770421889800,2061.77
0.65,0.3,0.7,0.35,1770421889956,2061.77
0.63,0.3,0.7,0.35,1770421892480,2061.29
0.63,0.3,0.7,0.37,1770421892533,2061.29
0.63,0.3,0.69,0.37,1770421893026,2061.29
0.63,0.31,0.69,0.37,1770421893220,2061.29
0.64,0.31,0.69,0.37,1770421900230,2060.79
0.64,0.31,0.69,0.36,1770421901328,2061.33
0.64,0.3,0.69,0.36,1770421907325,2061.43
0.64,0.3,0.71,0.36,1770421907344,2061.43
0.64,0.29,0.71,0.36,1770421907371,2061.43
0.65,0.29,0.71,0.36,1770421907416,2061.43
0.65,0.29,0.71,0.35,1770421907935,2061.43
0.65,0.29,0.7,0.35,1770421910775,2061.6
0.65,0.3,0.7,0.35,1770421910927,2061.6
0.63,0.3,0.7,0.35,1770421911092,2061.6
0.63,0.3,0.7,0.37,1770421911103,2061.6
0.64,0.3,0.7,0.37,1770421911166,2061.6
0.64,0.3,0.7,0.36,1770421911243,2061.39
0.63,0.3,0.7,0.36,1770421918803,2061.59
0.63,0.3,0.7,0.37,1770421918814,2061.59
0.65,0.3,0.7,0.37,1770421918834,2061.59
0.65,0.3,0.7,0.35,1770421919362,2061.59
0.65,0.3,0.69,0.35,1770421926497,2061.21
0.65,0.31,0.69,0.35,1770421926498,2061.21
0.63,0.31,0.69,0.35,1770421926744,2061.21
0.64,0.31,0.69,0.37,1770421926781,2061.21
0.64,0.31,0.69,0.36,1770421928014,2061.12
0.64,0.31,0.68,0.36,1770421930826,2060.88
0.64,0.32,0.68,0.36,1770421931121,2060.88
0.64,0.32,0.71,0.36,1770421932383,2060.57
0.64,0.31,0.71,0.36,1770421932409,2060.57
0.64,0.31,0.69,0.36,1770421932418,2060.57
0.64,0.31,0.71,0.36,1770421934197,2060.63
0.64,0.29,0.71,0.36,1770421934198,2060.63
0.64,0.29,0.7,0.36,1770421934233,2060.63
0.64,0.3,0.7,0.36,1770421934391,2060.99
0.64,0.3,0.69,0.36,1770421936022,2061.38
0.64,0.31,0.69,0.36,1770421936387,2061.22
0.64,0.31,0.7,0.36,1770421944225,2060.91
0.64,0.3,0.7,0.36,1770421944251,2060.91
0.64,0.3,0.71,0.36,1770421945327,2061.38
0.65,0.29,0.71,0.35,1770421945354,2061.38
0.62,0.29,0.71,0.35,1770421945382,2061.38
0.66,0.29,0.71,0.38,1770421945383,2061.38
0.66,0.29,0.71,0.34,1770421945384,2061.38
0.65,0.29,0.71,0.34,1770421945472,2061.38
0.67,0.29,0.71,0.35,1770421945512,2061.38
0.67,0.29,0.71,0.33,1770421945543,2061.38
0.67,0.28,0.71,0.33,1770421945716,2061.38
0.67,0.28,0.72,0.33,1770421945717,2061.38
0.67,0.27,0.72,0.33,1770421945962,2061.38
0.67,0.27,0.73,0.33,1770421946014,2061.38
0.62,0.27,0.73,0.33,1770421948633,2062.76
0.68,0.27,0.73,0.38,1770421948634,2062.76
0.68,0.27,0.73,0.32,1770421948639,2062.76
0.69,0.27,0.73,0.32,1770421948689,2062.76
0.69,0.27,0.73,0.31,1770421948798,2062.76
0.69,0.26,0.73,0.31,1770421949152,2062.76
0.69,0.26,0.74,0.31,1770421949295,2063.28
0.69,0.26,0.75,0.31,1770421951640,2063.65
0.69,0.25,0.75,0.31,1770421951678,2063.65
0.7,0.25,0.75,0.31,1770421951894,2063.65
0.7,0.25,0.75,0.3,1770421952585,2063.96
0.7,0.25,0.76,0.3,1770421952619,2063.96
0.7,0.24,0.76,0.3,1770421952644,2063.96
0.71,0.24,0.76,0.3,1770421953059,2063.96
0.71,0.24,0.76,0.29,1770421953350,2064.44
0.71,0.23,0.76,0.29,1770421953566,2064.44
0.71,0.23,0.77,0.29,1770421953740,2064.44
0.71,0.23,0.76,0.29,1770421953813,2064.44
0.71,0.24,0.76,0.29,1770421953884,2064.44
0.71,0.24,0.77,0.29,1770421956323,2064.13
0.71,0.23,0.77,0.29,1770421956353,2064.13
0.72,0.23,0.77,0.29,1770421956403,2064.13
0.72,0.23,0.77,0.28,1770421956475,2064.13
0.72,0.22,0.77,0.28,1770421956658,2064.13
0.72,0.22,0.78,0.28,1770421956659,2064.13
0.73,0.22,0.78,0.28,1770421959304,2065.09
0.73,0.22,0.78,0.27,1770421959501,2065.09
0.7,0.22,0.78,0.27,1770421961695,2065.51
0.7,0.22,0.78,0.3,1770421961708,2065.51
0.71,0.22,0.78,0.3,1770421961759,2065.51
0.71,0.22,0.78,0.29,1770421961760,2065.51
0.71,0.23,0.78,0.29,1770421961961,2065.51
0.71,0.23,0.77,0.29,1770421962492,2064.96
0.69,0.23,0.77,0.29,1770421964528,2064.14
0.7,0.23,0.77,0.31,1770421964648,2064.14
0.7,0.23,0.77,0.3,1770421964856,2064.14
0.7,0.23,0.76,0.3,1770421964882,2064.14
0.7,0.24,0.76,0.3,1770421965013,2064.14
0.68,0.24,0.76,0.3,1770421970404,2063.96
0.69,0.24,0.76,0.32,1770421970467,2063.96
0.69,0.24,0.76,0.31,1770421973586,2063.69
0.69,0.24,0.74,0.31,1770421973628,2063.69
0.69,0.26,0.74,0.31,1770421973647,2063.69
0.68,0.26,0.74,0.31,1770421973677,2063.69
0.68,0.26,0.74,0.32,1770421973708,2063.69
0.69,0.26,0.74,0.32,1770421980054,2063.24
0.69,0.26,0.74,0.31,1770421980151,2063.24
0.67,0.26,0.74,0.31,1770421981119,2063.44
0.68,0.26,0.74,0.33,1770421981158,2063.44
0.68,0.26,0.74,0.32,1770421981575,2062.88
0.68,0.26,0.73,0.32,1770421981596,2062.88
0.68,0.27,0.73,0.32,1770421981649,2062.88
0.67,0.27,0.73,0.32,1770421982080,2062.88
0.67,0.27,0.73,0.33,1770421982286,2062.5
0.67,0.27,0.77,0.33,1770421985052,2062.6
0.68,0.23,0.77,0.33,1770421985065,2062.6
0.68,0.23,0.74,0.32,1770421985086,2062.6
0.68,0.26,0.74,0.32,1770421985144,2062.6
0.68,0.26,0.73,0.32,1770421986304,2063.14
0.68,0.27,0.73,0.32,1770421986357,2063.14
0.66,0.27,0.73,0.32,1770421988005,2062.74
0.66,0.27,0.73,0.34,1770421988112,2062.74
0.66,0.27,0.72,0.34,1770421989291,2062.3
0.66,0.28,0.72,0.34,1770421989381,2062.3
0.67,0.28,0.72,0.34,1770421992527,2062.31
0.67,0.28,0.72,0.33,1770421992840,2062.31
0.66,0.28,0.72,0.33,1770421998773,2062.23
0.66,0.28,0.72,0.34,1770421998798,2062.23
0.66,0.28,0.71,0.34,1770421998823,2062.23
0.66,0.29,0.71,0.34,1770421998895,2062.23
0.65,0.29,0.71,0.34,1770421999047,2062.23
0.65,0.29,0.71,0.35,1770421999067,2062.23
0.65,0.29,0.7,0.35,1770422001000,2061.65
0.65,0.3,0.7,0.35,1770422001001,2061.65
0.65,0.3,0.73,0.35,1770422003314,2061.4
0.65,0.28,0.73,0.35,1770422003331,2061.4
0.65,0.28,0.72,0.35,1770422003337,2061.4
0.66,0.28,0.72,0.35,1770422003374,2061.4
0.66,0.28,0.72,0.34,1770422004338,2061.4
0.66,0.28,0.71,0.34,1770422005259,2061.92
0.64,0.29,0.71,0.34,1770422005283,2061.92
0.64,0.29,0.71,0.36,1770422005325,2061.92
0.65,0.29,0.71,0.36,1770422005334,2061.92
0.65,0.29,0.71,0.35,1770422005439,2061.92
0.66,0.29,0.71,0.35,1770422006880,2061.63
0.66,0.29,0.71,0.34,1770422006881,2061.63
0.64,0.29,0.71,0.34,1770422013911,2061.8
0.65,0.29,0.71,0.36,1770422014031,2061.8
0.65,0.29,0.71,0.35,1770422016039,2061.61
0.64,0.29,0.71,0.35,1770422016476,2061.84
0.64,0.29,0.71,0.36,1770422016560,2061.84
0.65,0.29,0.71,0.36,1770422016561,2061.84
0.65,0.29,0.71,0.35,1770422016562,2061.84
0.66,0.29,0.71,0.35,1770422016694,2061.84
0.66,0.3,0.71,0.34,1770422017126,2061.84
0.66,0.3,0.7,0.34,1770422019016,2061.89
0.64,0.3,0.7,0.34,1770422029243,2061.69
0.65,0.3,0.7,0.36,1770422029324,2061.69
0.65,0.3,0.7,0.35,1770422029325,2061.69
0.64,0.3,0.7,0.35,1770422038372,2061.27
0.64,0.31,0.7,0.36,1770422038402,2061.27
0.64,0.31,0.69,0.36,1770422038430,2061.27
0.64,0.31,0.68,0.36,1770422038457,2061.27
0.64,0.32,0.68,0.36,1770422038458,2061.27
0.63,0.32,0.68,0.36,1770422038613,2061.27
0.63,0.32,0.68,0.37,1770422038614,2061.27
0.62,0.32,0.68,0.37,1770422038893,2061.27
0.62,0.32,0.68,0.38,1770422038920,2061.27
0.63,0.32,0.68,0.38,1770422038938,2061.27
0.63,0.32,0.68,0.37,1770422038961,2061.27
0.63,0.32,0.69,0.37,1770422039867,2060.35
0.63,0.31,0.69,0.37,1770422039891,2060.35
0.62,0.31,0.69,0.37,1770422039956,2060.35
0.62,0.31,0.69,0.38,1770422039957,2060.35
0.63,0.31,0.69,0.38,1770422040065,2060.35
0.63,0.31,0.69,0.37,1770422040066,2060.35
0.64,0.31,0.69,0.37,1770422040443,2060.73
0.64,0.31,0.69,0.36,1770422040514,2060.73
0.64,0.31,0.7,0.36,1770422041017,2060.73
0.64,0.3,0.7,0.36,1770422041042,2060.73
0.65,0.3,0.7,0.36,1770422041245,2060.73
0.65,0.3,0.7,0.35,1770422042757,2061.38
0.64,0.3,0.7,0.35,1770422042867,2061.38
0.64,0.3,0.7,0.36,1770422042868,2061.38
0.65,0.3,0.7,0.36,1770422043121,2061.38
0.65,0.3,0.7,0.35,1770422044054,2061.57
0.66,0.3,0.7,0.35,1770422044378,2062.0
0.66,0.3,0.7,0.34,1770422044783,2062.0
0.62,0.3,0.7,0.34,1770422045566,2062.2
0.65,0.3,0.7,0.38,1770422045569,2062.2
0.67,0.3,0.7,0.35,1770422045575,2062.2
0.67,0.3,0.7,0.33,1770422045592,2062.2
0.68,0.3,0.7,0.33,1770422048944,2062.2
0.68,0.3,0.7,0.32,1770422049773,2062.62
0.65,0.3,0.7,0.32,1770422049845,2062.62
0.66,0.3,0.7,0.35,1770422049881,2062.62
0.66,0.3,0.7,0.34,1770422049882,2062.62
0.67,0.3,0.7,0.34,1770422051465,2062.21
0.67,0.3,0.7,0.33,1770422053329,2062.2
0.64,0.3,0.7,0.33,1770422059008,2062.0
0.65,0.3,0.7,0.36,1770422059054,2062.0
0.65,0.3,0.7,0.35,1770422059058,2062.0
0.63,0.3,0.7,0.35,1770422060589,2061.64
0.64,0.3,0.7,0.37,1770422060655,2061.64
0.65,0.3,0.7,0.36,1770422060672,2061.64
0.66,0.3,0.7,0.35,1770422060837,2061.64
0.66,0.3,0.7,0.34,1770422061976,2061.94
0.67,0.3,0.7,0.34,1770422070738,2061.99
0.67,0.3,0.7,0.33,1770422070740,2061.99
0.66,0.3,0.7,0.33,1770422071643,2062.45
0.63,0.3,0.7,0.34,1770422071693,2062.45
0.67,0.3,0.7,0.37,1770422071696,2062.45
0.67,0.3,0.7,0.33,1770422071728,2062.45
0.64,0.3,0.7,0.33,1770422071729,2062.45
0.65,0.3,0.7,0.36,1770422071773,2062.45
0.65,0.3,0.7,0.35,1770422071785,2062.45
0.66,0.3,0.7,0.35,1770422071803,2062.45
