0.69,0.25,0.75,0.29,1770422400260,2063.38
0.69,0.25,0.75,0.31,1770422400261,2063.38
0.72,0.25,0.75,0.31,1770422400262,2063.38
0.72,0.25,0.75,0.28,1770422400914,2063.38
0.46,0.25,0.75,0.28,1770422401606,2063.37
0.71,0.25,0.75,0.54,1770422401608,2063.37
0.71,0.25,0.75,0.29,1770422401631,2063.37
0.72,0.25,0.75,0.29,1770422402066,2063.37
0.72,0.25,0.75,0.28,1770422402067,2063.37
0.46,0.25,0.75,0.28,1770422402186,2063.37
0.73,0.25,0.75,0.54,1770422402192,2063.37
0.46,0.25,0.75,0.27,1770422402222,2063.37
0.47,0.25,0.75,0.54,1770422402250,2063.37
0.46,0.25,0.75,0.53,1770422402272,2063.37
0.48,0.25,0.75,0.54,1770422402279,2063.37
0.48,0.25,0.75,0.52,1770422402280,2063.37
0.49,0.25,0.75,0.52,1770422402303,2063.57
0.49,0.25,0.75,0.51,1770422402304,2063.57
0.46,0.25,0.75,0.51,1770422402363,2063.57
0.46,0.25,0.75,0.54,1770422402364,2063.57
0.46,0.25,0.75,0.5,1770422402405,2063.57
0.46,0.25,0.75,0.54,1770422402406,2063.57
0.47,0.25,0.75,0.54,1770422402414,2063.57
0.46,0.25,0.75,0.53,1770422402442,2063.57
0.48,0.25,0.75,0.54,1770422402449,2063.57
0.49,0.25,0.75,0.52,1770422402489,2063.57
0.49,0.25,0.75,0.51,1770422402490,2063.57
0.46,0.25,0.75,0.51,1770422402529,2063.57
0.46,0.25,0.75,0.5,1770422402565,2063.57
0.51,0.25,0.75,0.54,1770422402574,2063.57
0.52,0.25,0.75,0.49,1770422402601,2063.57
0.46,0.25,0.75,0.48,1770422402641,2063.57
0.53,0.25,0.75,0.54,1770422402661,2063.57
0.53,0.25,0.75,0.47,1770422402669,2063.57
0.54,0.25,0.75,0.47,1770422402724,2063.57
0.54,0.25,0.75,0.46,1770422402736,2063.57
0.46,0.25,0.75,0.46,1770422402794,2063.57
0.55,0.25,0.75,0.54,1770422402795,2063.57
0.46,0.25,0.75,0.45,1770422402822,2063.57
0.46,0.25,0.75,0.54,1770422402823,2063.57
0.56,0.25,0.75,0.54,1770422402842,2063.57
0.57,0.25,0.75,0.44,1770422402880,2063.57
0.46,0.25,0.75,0.43,1770422402904,2063.57
0.46,0.25,0.75,0.54,1770422402905,2063.57
0.59,0.25,0.75,0.42,1770422402944,2063.57
0.59,0.25,0.75,0.41,1770422402945,2063.57
0.46,0.25,0.75,0.41,1770422402976,2063.57
0.6,0.25,0.75,0.54,1770422402980,2063.57
0.46,0.25,0.75,0.4,1770422403036,2063.57
0.46,0.25,0.75,0.54,1770422403037,2063.57
0.46,0.25,0.75,0.39,1770422403080,2063.57
0.46,0.25,0.75,0.54,1770422403081,2063.57
0.62,0.25,0.75,0.54,1770422403090,2063.57
0.46,0.25,0.75,0.38,1770422403108,2063.57
0.63,0.25,0.75,0.54,1770422403109,2063.57
0.46,0.25,0.75,0.37,1770422403148,2063.57
0.64,0.25,0.75,0.54,1770422403161,2063.57
0.65,0.25,0.75,0.36,1770422403184,2063.57
0.46,0.25,0.75,0.35,1770422403222,2064.24
0.46,0.25,0.75,0.54,1770422403223,2064.24
0.66,0.25,0.75,0.54,1770422403230,2064.24
0.67,0.25,0.75,0.34,1770422403264,2064.24
0.46,0.25,0.75,0.33,1770422403299,2064.24
0.69,0.25,0.75,0.32,1770422403344,2064.24
0.69,0.25,0.75,0.31,1770422403353,2064.24
0.46,0.25,0.75,0.31,1770422403377,2064.24
0.46,0.25,0.75,0.54,1770422403378,2064.24
0.46,0.25,0.75,0.3,1770422403428,2064.24
0.71,0.25,0.75,0.54,1770422403431,2064.24
0.46,0.25,0.75,0.29,1770422403466,2064.24
0.46,0.25,0.75,0.54,1770422403467,2064.24
0.48,0.25,0.75,0.53,1770422403528,2064.24
0.49,0.25,0.75,0.52,1770422403567,2064.24
0.5,0.25,0.75,0.51,1770422403586,2064.24
0.5,0.25,0.75,0.5,1770422403587,2064.24
0.46,0.25,0.75,0.5,1770422403611,2064.24
0.46,0.25,0.75,0.54,1770422403612,2064.24
0.51,0.25,0.75,0.54,1770422403615,2064.24
0.52,0.25,0.75,0.49,1770422403663,2064.24
0.52,0.25,0.75,0.48,1770422403664,2064.24
0.46,0.25,0.75,0.48,1770422403691,2064.24
0.53,0.25,0.75,0.54,1770422403692,2064.24
0.46,0.25,0.75,0.47,1770422403746,2064.24
0.54,0.25,0.75,0.54,1770422403750,2064.24
0.54,0.25,0.75,0.46,1770422403778,2064.24
0.47,0.25,0.75,0.46,1770422403824,2064.24
0.55,0.25,0.75,0.45,1770422403829,2064.24
0.46,0.25,0.75,0.45,1770422403896,2064.24
0.56,0.25,0.75,0.54,1770422403897,2064.24
0.46,0.25,0.75,0.44,1770422403945,2064.24
0.57,0.25,0.75,0.54,1770422403956,2064.24
0.46,0.25,0.75,0.43,1770422403977,2064.24
0.47,0.25,0.75,0.53,1770422404016,2064.24
0.48,0.25,0.75,0.53,1770422404027,2064.24
0.46,0.25,0.75,0.52,1770422404052,2064.24
0.49,0.25,0.75,0.54,1770422404057,2064.24
0.46,0.25,0.75,0.51,1770422404097,2064.24
0.51,0.25,0.75,0.5,1770422404137,2064.24
0.51,0.25,0.75,0.49,1770422404171,2064.24
0.52,0.25,0.75,0.49,1770422404173,2064.24
0.52,0.25,0.75,0.48,1770422404174,2064.24
0.53,0.25,0.75,0.48,1770422404253,2064.55
0.46,0.25,0.75,0.47,1770422404282,2064.55
0.54,0.25,0.75,0.54,1770422404286,2064.55
0.55,0.25,0.75,0.46,1770422404331,2064.55
0.55,0.25,0.75,0.45,1770422404341,2064.55
0.46,0.25,0.75,0.45,1770422404362,2064.55
0.56,0.25,0.75,0.54,1770422404364,2064.55
0.56,0.25,0.75,0.44,1770422404471,2064.55
0.47,0.25,0.75,0.44,1770422404473,2064.55
0.57,0.25,0.75,0.53,1770422404496,2064.55
0.57,0.25,0.75,0.43,1770422404497,2064.55
0.46,0.25,0.75,0.43,1770422404548,2064.55
0.58,0.25,0.75,0.42,1770422404602,2064.55
0.59,0.25,0.75,0.42,1770422404658,2064.55
0.46,0.25,0.75,0.41,1770422404676,2064.55
0.6,0.25,0.75,0.54,1770422404680,2064.55
0.6,0.25,0.75,0.4,1770422404681,2064.55
0.46,0.25,0.75,0.4,1770422404723,2064.55
0.61,0.25,0.75,0.54,1770422404726,2064.55
0.46,0.25,0.75,0.39,1770422404752,2064.55
0.46,0.25,0.75,0.54,1770422404753,2064.55
0.47,0.25,0.75,0.54,1770422404757,2064.55
0.46,0.25,0.75,0.53,1770422404822,2064.55
0.48,0.25,0.75,0.52,1770422404880,2064.55
0.48,0.25,0.75,0.53,1770422404955,2064.55
0.48,0.25,0.75,0.52,1770422404956,2064.55
0.46,0.25,0.75,0.52,1770422405068,2064.55
0.49,0.25,0.75,0.51,1770422405095,2064.55
0.47,0.25,0.75,0.51,1770422405096,2064.55
0.46,0.25,0.75,0.53,1770422405123,2064.55
0.49,0.25,0.75,0.52,1770422405156,2064.55
0.5,0.25,0.75,0.51,1770422405194,2064.55
0.46,0.25,0.75,0.5,1770422405233,2064.55
0.46,0.25,0.75,0.49,1770422405265,2064.55
0.52,0.25,0.75,0.54,1770422405270,2064.55
0.46,0.25,0.75,0.48,1770422405307,2064.07
0.46,0.25,0.75,0.54,1770422405308,2064.07
0.46,0.25,0.75,0.47,1770422405339,2064.07
0.54,0.25,0.75,0.54,1770422405340,2064.07
0.46,0.25,0.75,0.46,1770422405389,2064.07
0.56,0.25,0.75,0.45,1770422405417,2064.07
0.57,0.25,0.75,0.44,1770422405458,2064.07
0.57,0.25,0.75,0.43,1770422405487,2064.07
0.58,0.25,0.75,0.43,1770422405565,2064.07
0.58,0.25,0.75,0.42,1770422405613,2064.07
0.59,0.25,0.75,0.41,1770422405614,2064.07
0.46,0.25,0.75,0.41,1770422405705,2064.07
0.6,0.25,0.75,0.4,1770422405706,2064.07
0.48,0.25,0.75,0.53,1770422405744,2064.07
0.49,0.25,0.75,0.52,1770422405773,2064.07
0.49,0.25,0.75,0.51,1770422405774,2064.07
0.46,0.25,0.75,0.51,1770422405819,2064.07
0.5,0.25,0.75,0.54,1770422405820,2064.07
0.51,0.25,0.75,0.5,1770422405851,2064.07
0.46,0.25,0.75,0.49,1770422405894,2064.07
0.52,0.25,0.75,0.54,1770422405896,2064.07
0.52,0.25,0.75,0.48,1770422405897,2064.07
0.53,0.25,0.75,0.48,1770422405927,2064.07
0.53,0.25,0.75,0.47,1770422405928,2064.07
0.46,0.25,0.75,0.47,1770422405973,2064.07
0.46,0.25,0.75,0.54,1770422405974,2064.07
0.54,0.25,0.75,0.54,1770422405991,2064.07
0.54,0.25,0.75,0.46,1770422405992,2064.07
0.46,0.25,0.75,0.46,1770422406048,2064.07
0.55,0.25,0.75,0.54,1770422406049,2064.07
0.46,0.25,0.75,0.45,1770422406119,2064.07
0.56,0.25,0.75,0.54,1770422406120,2064.07
0.56,0.25,0.75,0.44,1770422406121,2064.07
0.46,0.25,0.75,0.44,1770422406143,2064.07
0.46,0.25,0.75,0.54,1770422406144,2064.07
0.57,0.25,0.75,0.54,1770422406151,2064.07
0.46,0.25,0.75,0.43,1770422406192,2064.07
0.58,0.25,0.75,0.54,1770422406195,2064.07
0.58,0.25,0.75,0.42,1770422406196,2064.07
0.47,0.25,0.75,0.42,1770422406221,2064.07
0.46,0.25,0.75,0.53,1770422406268,2064.07
0.48,0.25,0.75,0.54,1770422406272,2064.07
0.46,0.25,0.75,0.52,1770422406299,2064.07
0.46,0.25,0.75,0.54,1770422406300,2064.07
0.46,0.25,0.75,0.51,1770422406341,2063.87
0.5,0.25,0.75,0.54,1770422406344,2063.87
0.5,0.25,0.75,0.5,1770422406345,2063.87
0.46,0.25,0.75,0.5,1770422406379,2063.87
0.51,0.25,0.75,0.54,1770422406380,2063.87
0.52,0.25,0.75,0.49,1770422406417,2063.87
0.52,0.25,0.75,0.48,1770422406418,2063.87
0.46,0.25,0.75,0.48,1770422406457,2063.87
0.54,0.25,0.75,0.47,1770422406494,2063.87
0.54,0.25,0.75,0.46,1770422406495,2063.87
0.55,0.25,0.75,0.46,1770422406530,2063.87
0.55,0.25,0.75,0.45,1770422406531,2063.87
0.56,0.25,0.75,0.45,1770422406571,2063.87
0.56,0.25,0.75,0.44,1770422406572,2063.87
0.46,0.25,0.75,0.44,1770422406606,2063.87
0.46,0.25,0.75,0.54,1770422406607,2063.87
0.57,0.25,0.75,0.54,1770422406613,2063.87
0.57,0.25,0.75,0.43,1770422406614,2063.87
0.46,0.25,0.75,0.43,1770422406654,2063.87
0.58,0.25,0.75,0.54,1770422406657,2063.87
0.46,0.25,0.75,0.42,1770422406686,2063.87
0.46,0.25,0.75,0.53,1770422406743,2063.87
0.48,0.25,0.75,0.54,1770422406745,2063.87
0.48,0.25,0.75,0.52,1770422406746,2063.87
0.46,0.25,0.75,0.52,1770422406769,2063.87
0.49,0.25,0.75,0.54,1770422406776,2063.87
0.5,0.25,0.75,0.51,1770422406823,2063.87
0.5,0.25,0.75,0.5,1770422406835,2063.87
0.46,0.25,0.75,0.5,1770422406850,2063.87
0.46,0.25,0.75,0.54,1770422406851,2063.87
0.46,0.25,0.75,0.49,1770422406914,2063.87
0.52,0.25,0.75,0.48,1770422406933,2063.87
0.47,0.25,0.75,0.48,1770422406935,2063.87
0.48,0.25,0.75,0.53,1770422406986,2063.87
0.48,0.25,0.75,0.52,1770422406992,2063.87
0.49,0.25,0.75,0.52,1770422407011,2063.87
0.49,0.25,0.75,0.51,1770422407026,2063.87
0.5,0.25,0.75,0.51,1770422407065,2063.87
0.5,0.25,0.75,0.5,1770422407072,2063.87
0.51,0.25,0.75,0.5,1770422407103,2063.87
0.51,0.25,0.75,0.49,1770422407104,2063.87
0.46,0.25,0.75,0.49,1770422407152,2063.87
0.52,0.25,0.75,0.54,1770422407153,2063.87
0.46,0.25,0.75,0.48,1770422407187,2063.87
0.53,0.25,0.75,0.54,1770422407196,2063.87
0.53,0.25,0.75,0.47,1770422407197,2063.87
0.54,0.25,0.75,0.47,1770422407230,2063.8
0.54,0.25,0.75,0.46,1770422407231,2063.8
0.55,0.25,0.75,0.46,1770422407263,2063.8
0.55,0.25,0.75,0.45,1770422407264,2063.8
0.46,0.25,0.75,0.45,1770422407339,2063.8
0.56,0.25,0.75,0.54,1770422407340,2063.8
0.57,0.25,0.75,0.44,1770422407364,2063.8
0.57,0.25,0.75,0.43,1770422407365,2063.8
0.46,0.25,0.75,0.43,1770422407413,2063.8
0.58,0.25,0.75,0.54,1770422407416,2063.8
0.46,0.25,0.75,0.42,1770422407450,2063.8
0.48,0.25,0.75,0.53,1770422407490,2063.8
0.46,0.25,0.75,0.52,1770422407525,2063.8
0.49,0.25,0.75,0.54,1770422407530,2063.8
0.46,0.25,0.75,0.51,1770422407563,2063.8
0.5,0.25,0.75,0.54,1770422407564,2063.8
0.46,0.25,0.75,0.5,1770422407604,2063.8
0.51,0.25,0.75,0.54,1770422407609,2063.8
0.46,0.25,0.75,0.49,1770422407638,2063.8
0.46,0.25,0.75,0.54,1770422407639,2063.8
0.52,0.25,0.75,0.54,1770422407644,2063.8
0.46,0.25,0.75,0.48,1770422407702,2063.8
0.46,0.25,0.75,0.47,1770422407721,2063.8
0.54,0.25,0.75,0.54,1770422407748,2063.8
0.55,0.25,0.75,0.46,1770422407775,2063.8
0.46,0.25,0.75,0.45,1770422407800,2063.8
0.46,0.25,0.75,0.54,1770422407801,2063.8
0.46,0.25,0.75,0.44,1770422407835,2063.8
0.57,0.25,0.75,0.54,1770422407840,2063.8
0.57,0.25,0.75,0.43,1770422407841,2063.8
0.46,0.25,0.75,0.43,1770422407870,2063.8
0.47,0.25,0.75,0.53,1770422407871,2063.8
0.46,0.25,0.75,0.53,1770422407910,2063.8
0.48,0.25,0.75,0.54,1770422407914,2063.8
0.46,0.25,0.75,0.52,1770422407943,2063.8
0.49,0.25,0.75,0.54,1770422407944,2063.8
0.46,0.25,0.75,0.51,1770422407986,2063.8
0.5,0.25,0.75,0.54,1770422407989,2063.8
0.5,0.25,0.75,0.5,1770422407990,2063.8
0.46,0.25,0.75,0.5,1770422408021,2063.8
0.46,0.25,0.75,0.49,1770422408064,2063.8
0.52,0.25,0.75,0.54,1770422408068,2063.8
0.46,0.25,0.75,0.48,1770422408092,2063.8
0.53,0.25,0.75,0.54,1770422408108,2063.8
0.46,0.25,0.75,0.47,1770422408136,2063.8
0.54,0.25,0.75,0.54,1770422408137,2063.8
0.46,0.25,0.75,0.46,1770422408168,2063.8
0.46,0.25,0.75,0.54,1770422408169,2063.8
0.55,0.25,0.75,0.54,1770422408171,2063.8
0.55,0.25,0.75,0.45,1770422408172,2063.8
0.46,0.25,0.75,0.45,1770422408210,2063.8
0.56,0.25,0.75,0.54,1770422408211,2063.8
0.56,0.25,0.75,0.44,1770422408212,2063.8
0.46,0.25,0.75,0.44,1770422408246,2063.8
0.57,0.25,0.75,0.54,1770422408247,2063.97
0.46,0.25,0.75,0.43,1770422408286,2063.97
0.58,0.25,0.75,0.54,1770422408287,2063.97
0.59,0.25,0.75,0.42,1770422408328,2063.97
0.59,0.25,0.75,0.41,1770422408330,2063.97
0.46,0.25,0.75,0.41,1770422408366,2063.97
0.46,0.25,0.75,0.54,1770422408367,2063.97
0.6,0.25,0.75,0.54,1770422408368,2063.97
0.46,0.25,0.75,0.4,1770422408404,2063.97
0.61,0.25,0.75,0.54,1770422408413,2063.97
0.62,0.25,0.75,0.39,1770422408442,2063.97
0.62,0.25,0.75,0.38,1770422408446,2063.97
0.63,0.25,0.75,0.38,1770422408480,2063.97
0.63,0.25,0.75,0.37,1770422408481,2063.97
0.46,0.25,0.75,0.37,1770422408523,2063.97
0.64,0.25,0.75,0.54,1770422408527,2063.97
0.65,0.25,0.75,0.36,1770422408560,2063.97
0.66,0.25,0.75,0.35,1770422408599,2063.97
0.46,0.25,0.75,0.34,1770422408647,2063.97
0.46,0.25,0.75,0.33,1770422408677,2063.97
0.46,0.25,0.75,0.32,1770422408713,2063.97
0.69,0.25,0.75,0.54,1770422408717,2063.97
0.7,0.25,0.75,0.31,1770422408753,2063.97
0.7,0.25,0.75,0.3,1770422408759,2063.97
0.46,0.25,0.75,0.3,1770422408791,2063.97
0.46,0.25,0.75,0.29,1770422408846,2063.97
0.46,0.25,0.75,0.54,1770422408847,2063.97
0.72,0.25,0.75,0.28,1770422408865,2063.97
0.46,0.25,0.75,0.28,1770422409205,2063.97
0.46,0.25,0.75,0.54,1770422409206,2063.97
0.73,0.25,0.75,0.54,1770422409208,2063.97
0.46,0.25,0.75,0.27,1770422409622,2063.96
0.72,0.25,0.75,0.54,1770422409626,2063.96
0.73,0.25,0.75,0.28,1770422411230,2063.56
0.73,0.25,0.75,0.27,1770422411304,2063.56
0.69,0.25,0.75,0.27,1770422416969,2063.1
0.69,0.25,0.75,0.31,1770422416995,2063.1
0.7,0.25,0.75,0.31,1770422417040,2063.1
0.7,0.25,0.75,0.3,1770422417745,2062.62
0.66,0.25,0.75,0.3,1770422419955,2062.31
0.67,0.25,0.75,0.34,1770422420102,2062.31
0.67,0.25,0.75,0.33,1770422420617,2061.4
0.68,0.25,0.75,0.33,1770422420944,2061.4
0.68,0.25,0.75,0.32,1770422421699,2061.54
0.65,0.25,0.75,0.32,1770422424138,2061.08
0.46,0.25,0.75,0.35,1770422424144,2061.08
0.64,0.25,0.75,0.54,1770422424146,2061.08
0.46,0.25,0.75,0.36,1770422424174,2061.08
0.46,0.25,0.75,0.54,1770422424176,2061.08
0.47,0.25,0.75,0.54,1770422424177,2061.08
0.66,0.25,0.75,0.53,1770422424188,2061.08
0.66,0.25,0.75,0.34,1770422424189,2061.08
0.66,0.26,0.75,0.34,1770422424251,2061.08
0.66,0.26,0.74,0.34,1770422424252,2061.08
0.66,0.26,0.74,0.32,1770422424291,2061.08
0.68,0.26,0.74,0.32,1770422424292,2061.08
0.68,0.25,0.74,0.32,1770422425090,2060.82
0.68,0.25,0.75,0.32,1770422425173,2060.82
0.68,0.27,0.75,0.32,1770422425242,2060.82
0.68,0.27,0.73,0.32,1770422428024,2059.91
0.68,0.25,0.73,0.32,1770422428042,2059.91
0.68,0.25,0.75,0.32,1770422428043,2059.91
0.68,0.29,0.75,0.32,1770422428171,2059.91
0.68,0.29,0.71,0.37,1770422428176,2059.91
0.63,0.29,0.71,0.37,1770422428226,2059.91
0.63,0.25,0.71,0.37,1770422428331,2059.67
0.63,0.3,0.75,0.37,1770422428366,2059.67
0.6,0.3,0.7,0.37,1770422428370,2059.67
0.61,0.3,0.7,0.4,1770422428570,2059.67
0.53,0.3,0.61,0.39,1770422434920,2057.46
0.53,0.39,0.61,0.47,1770422434952,2057.46
0.46,0.39,0.61,0.47,1770422434957,2057.46
0.54,0.39,0.61,0.54,1770422435004,2057.46
0.54,0.39,0.61,0.46,1770422435029,2057.46
0.51,0.39,0.61,0.46,1770422435052,2057.46
0.51,0.39,0.61,0.49,1770422435056,2057.46
0.51,0.25,0.61,0.49,1770422435059,2057.46
0.5,0.25,0.75,0.49,1770422435071,2057.46
0.5,0.25,0.75,0.5,1770422435075,2057.46
0.51,0.25,0.75,0.5,1770422435118,2057.46
0.51,0.25,0.75,0.49,1770422435119,2057.46
0.51,0.41,0.75,0.49,1770422435173,2057.46
0.51,0.41,0.59,0.49,1770422435174,2057.46
0.52,0.41,0.59,0.49,1770422435525,2055.39
0.52,0.41,0.59,0.48,1770422435526,2055.39
0.46,0.41,0.59,0.48,1770422435628,2055.39
0.46,0.41,0.59,0.54,1770422435629,2055.39
0.53,0.41,0.59,0.47,1770422435649,2055.39
0.54,0.41,0.59,0.47,1770422435702,2055.39
0.54,0.41,0.59,0.46,1770422435703,2055.39
0.55,0.41,0.59,0.46,1770422435778,2055.39
0.55,0.25,0.59,0.45,1770422435781,2055.39
0.55,0.25,0.75,0.45,1770422435801,2055.39
0.55,0.39,0.75,0.45,1770422435827,2055.39
0.55,0.39,0.61,0.45,1770422435867,2055.39
0.46,0.39,0.61,0.45,1770422435995,2055.39
0.46,0.39,0.61,0.54,1770422435996,2055.39
0.56,0.39,0.61,0.54,1770422435998,2055.39
0.56,0.39,0.61,0.44,1770422436000,2055.39
0.57,0.39,0.61,0.44,1770422436100,2055.39
0.56,0.25,0.75,0.43,1770422436106,2055.39
0.46,0.25,0.75,0.44,1770422436129,2055.39
0.46,0.37,0.75,0.54,1770422436131,2055.39
0.56,0.37,0.63,0.54,1770422436151,2055.39
0.57,0.37,0.63,0.44,1770422436175,2055.39
0.57,0.37,0.63,0.43,1770422436243,2057.38
0.58,0.37,0.63,0.43,1770422436718,2057.38
0.58,0.37,0.63,0.42,1770422436923,2057.38
0.58,0.25,0.63,0.42,1770422437738,2057.74
0.58,0.25,0.75,0.42,1770422437761,2057.74
0.58,0.35,0.75,0.42,1770422437771,2057.74
0.58,0.35,0.65,0.42,1770422437772,2057.74
0.59,0.35,0.65,0.42,1770422437816,2057.74
0.59,0.35,0.65,0.41,1770422438063,2057.74
0.57,0.35,0.65,0.41,1770422438908,2058.39
0.57,0.35,0.65,0.43,1770422438944,2058.39
0.57,0.25,0.65,0.43,1770422439730,2057.76
0.56,0.25,0.75,0.43,1770422439741,2057.76
0.46,0.25,0.75,0.44,1770422439742,2057.76
0.55,0.25,0.75,0.45,1770422439763,2057.76
0.47,0.25,0.75,0.45,1770422439792,2057.76
0.55,0.25,0.75,0.53,1770422439797,2057.76
0.55,0.25,0.75,0.45,1770422439818,2057.76
0.55,0.37,0.75,0.45,1770422439853,2057.76
0.55,0.37,0.63,0.45,1770422439967,2057.76
0.55,0.25,0.63,0.45,1770422440210,2057.76
0.53,0.25,0.75,0.45,1770422440226,2056.96
0.46,0.25,0.75,0.47,1770422440263,2056.96
0.53,0.25,0.75,0.48,1770422440277,2056.96
0.53,0.25,0.75,0.47,1770422440286,2056.96
0.53,0.39,0.75,0.47,1770422440421,2056.96
0.53,0.39,0.61,0.47,1770422440438,2056.96
0.46,0.39,0.61,0.47,1770422440499,2056.96
0.46,0.39,0.61,0.54,1770422440500,2056.96
0.54,0.39,0.61,0.54,1770422440501,2056.96
0.54,0.39,0.61,0.46,1770422440525,2056.96
0.55,0.39,0.61,0.46,1770422440591,2056.96
0.55,0.39,0.61,0.45,1770422440625,2056.96
0.56,0.39,0.61,0.45,1770422440666,2056.96
0.55,0.39,0.61,0.44,1770422440708,2056.96
0.46,0.39,0.61,0.45,1770422440710,2056.96
0.54,0.39,0.61,0.54,1770422440718,2056.96
0.54,0.39,0.61,0.46,1770422440733,2056.96
0.52,0.39,0.61,0.46,1770422440743,2056.96
0.55,0.39,0.61,0.48,1770422440747,2056.96
0.52,0.39,0.61,0.45,1770422440778,2056.96
0.52,0.39,0.61,0.48,1770422440779,2056.96
0.46,0.39,0.61,0.48,1770422440784,2056.96
0.51,0.39,0.61,0.54,1770422440790,2056.96
0.52,0.39,0.61,0.49,1770422440821,2056.96
0.52,0.25,0.61,0.48,1770422440824,2056.96
0.52,0.25,0.75,0.48,1770422440835,2056.96
0.5,0.25,0.75,0.48,1770422440901,2056.96
0.5,0.41,0.75,0.5,1770422440934,2056.96
0.46,0.41,0.59,0.5,1770422440937,2056.96
0.46,0.41,0.59,0.54,1770422440938,2056.96
0.46,0.41,0.59,0.51,1770422440964,2056.96
0.47,0.41,0.59,0.54,1770422440967,2056.96
0.5,0.41,0.59,0.53,1770422441002,2056.96
0.5,0.41,0.59,0.5,1770422441017,2056.96
0.5,0.25,0.59,0.5,1770422441042,2056.96
0.5,0.42,0.75,0.5,1770422441102,2056.96
0.5,0.42,0.58,0.5,1770422441186,2056.96
0.51,0.42,0.58,0.5,1770422441188,2056.96
0.51,0.42,0.58,0.49,1770422441189,2056.96
0.46,0.42,0.58,0.49,1770422441224,2056.96
0.47,0.42,0.58,0.54,1770422441277,2055.42
0.48,0.42,0.58,0.53,1770422441303,2055.42
0.48,0.42,0.58,0.52,1770422441306,2055.42
0.49,0.42,0.58,0.52,1770422441337,2055.42
0.49,0.42,0.58,0.51,1770422441372,2055.42
0.5,0.42,0.58,0.51,1770422441410,2055.42
0.5,0.42,0.58,0.5,1770422441421,2055.42
0.46,0.42,0.58,0.5,1770422441464,2055.42
0.47,0.42,0.58,0.54,1770422441497,2055.42
0.51,0.42,0.58,0.53,1770422441505,2055.42
0.51,0.42,0.58,0.49,1770422441543,2055.42
0.52,0.42,0.58,0.49,1770422441661,2055.42
0.52,0.42,0.58,0.48,1770422441662,2055.42
0.46,0.42,0.58,0.48,1770422442528,2056.13
0.53,0.42,0.58,0.47,1770422442530,2056.13
0.5,0.42,0.58,0.47,1770422443287,2056.29
0.46,0.42,0.58,0.5,1770422443324,2056.29
0.49,0.42,0.58,0.54,1770422443325,2056.29
0.51,0.42,0.58,0.51,1770422443326,2056.29
0.51,0.42,0.58,0.49,1770422443429,2056.29
0.49,0.42,0.58,0.49,1770422444539,2055.5
0.5,0.42,0.58,0.51,1770422444588,2055.5
0.5,0.42,0.58,0.5,1770422444624,2055.5
0.51,0.42,0.58,0.5,1770422444955,2055.5
0.51,0.42,0.58,0.49,1770422444956,2055.5
0.52,0.42,0.58,0.49,1770422445610,2055.21
0.52,0.42,0.58,0.48,1770422446437,2055.68
0.53,0.42,0.58,0.48,1770422446536,2055.68
0.53,0.42,0.58,0.47,1770422446537,2055.68
0.53,0.25,0.58,0.47,1770422447039,2055.68
0.53,0.41,0.75,0.47,1770422447097,2055.68
0.53,0.41,0.59,0.47,1770422447212,2055.68
0.54,0.41,0.59,0.47,1770422447339,2056.17
0.54,0.25,0.59,0.46,1770422447486,2056.17
0.54,0.4,0.75,0.46,1770422447523,2056.17
0.54,0.4,0.6,0.46,1770422447655,2056.17
0.55,0.4,0.6,0.46,1770422447759,2056.17
0.55,0.4,0.6,0.45,1770422447980,2056.17
0.55,0.25,0.6,0.45,1770422448005,2056.17
0.55,0.25,0.75,0.45,1770422448053,2056.17
0.55,0.38,0.75,0.45,1770422448068,2056.17
0.56,0.38,0.62,0.45,1770422448130,2056.17
0.56,0.38,0.62,0.44,1770422448809,2057.0
0.54,0.38,0.62,0.44,1770422448851,2057.0
0.54,0.38,0.62,0.46,1770422448930,2057.0
0.53,0.38,0.62,0.46,1770422448932,2057.0
0.54,0.38,0.62,0.47,1770422448947,2057.0
0.54,0.38,0.62,0.46,1770422448948,2057.0
0.55,0.38,0.62,0.46,1770422449158,2057.0
0.55,0.38,0.62,0.45,1770422449159,2057.0
0.54,0.38,0.62,0.45,1770422449189,2057.0
0.56,0.38,0.62,0.46,1770422449191,2057.0
0.56,0.38,0.62,0.44,1770422449196,2057.0
0.57,0.38,0.62,0.44,1770422449236,2056.85
0.57,0.25,0.62,0.43,1770422449501,2056.85
0.57,0.25,0.75,0.43,1770422449510,2056.85
0.57,0.33,0.75,0.43,1770422449587,2056.85
0.58,0.33,0.67,0.43,1770422449650,2056.85
0.58,0.33,0.67,0.42,1770422449704,2056.85
0.58,0.25,0.67,0.42,1770422450038,2056.85
0.58,0.25,0.75,0.42,1770422450039,2056.85
0.58,0.35,0.75,0.42,1770422450107,2056.85
0.58,0.35,0.65,0.42,1770422450568,2057.91
0.59,0.35,0.65,0.42,1770422453171,2058.01
0.59,0.35,0.65,0.41,1770422453210,2058.01
0.6,0.35,0.65,0.41,1770422453248,2058.01
0.6,0.35,0.65,0.4,1770422453682,2057.9
0.46,0.35,0.65,0.4,1770422454146,2057.9
0.61,0.25,0.65,0.39,1770422454148,2057.9
0.61,0.25,0.75,0.39,1770422454182,2057.9
0.61,0.3,0.75,0.39,1770422454244,2058.9
0.61,0.3,0.7,0.39,1770422454845,2058.9
0.62,0.3,0.7,0.39,1770422454847,2058.9
0.62,0.3,0.7,0.38,1770422454848,2058.9
0.46,0.3,0.7,0.38,1770422455275,2058.9
0.63,0.3,0.7,0.54,1770422455279,2058.9
0.63,0.3,0.7,0.37,1770422455286,2058.9
0.64,0.3,0.7,0.37,1770422455692,2059.42
0.64,0.3,0.7,0.36,1770422455693,2059.42
0.65,0.3,0.7,0.36,1770422456643,2059.86
0.65,0.3,0.7,0.35,1770422457166,2059.86
0.63,0.3,0.7,0.35,1770422458993,2060.17
0.64,0.3,0.7,0.37,1770422459036,2060.17
0.64,0.3,0.7,0.36,1770422459085,2060.17
0.61,0.3,0.7,0.36,1770422459106,2060.17
0.61,0.3,0.7,0.39,1770422459114,2060.17
0.58,0.25,0.75,0.39,1770422459139,2060.17
0.6,0.25,0.75,0.42,1770422459150,2060.17
0.6,0.25,0.75,0.4,1770422459151,2060.17
0.56,0.25,0.75,0.4,1770422459175,2060.17
0.56,0.33,0.75,0.44,1770422459188,2060.17
0.46,0.33,0.67,0.44,1770422459216,2060.17
0.57,0.25,0.67,0.43,1770422459245,2060.17
0.46,0.25,0.75,0.43,1770422459252,2060.17
0.47,0.25,0.75,0.54,1770422459253,2060.17
0.59,0.25,0.75,0.53,1770422459259,2060.17
0.59,0.25,0.75,0.41,1770422459260,2060.17
0.59,0.33,0.75,0.41,1770422459311,2057.96
0.59,0.33,0.67,0.41,1770422459331,2057.96
0.59,0.25,0.67,0.41,1770422459347,2057.96
0.59,0.34,0.75,0.41,1770422459385,2057.96
0.56,0.34,0.66,0.41,1770422459386,2057.96
0.46,0.34,0.66,0.44,1770422459390,2057.96
0.46,0.34,0.66,0.54,1770422459391,2057.96
0.55,0.34,0.66,0.54,1770422459392,2057.96
0.55,0.34,0.66,0.45,1770422459393,2057.96
0.55,0.25,0.66,0.45,1770422459420,2057.96
0.57,0.25,0.75,0.45,1770422459424,2057.96
0.57,0.25,0.75,0.43,1770422459462,2057.96
0.57,0.35,0.75,0.43,1770422459471,2057.96
0.57,0.35,0.65,0.43,1770422459472,2057.96
0.55,0.35,0.65,0.43,1770422459742,2057.96
0.55,0.25,0.75,0.45,1770422459755,2057.96
0.52,0.25,0.75,0.45,1770422459756,2057.96
0.53,0.25,0.75,0.48,1770422459807,2057.96
0.53,0.38,0.75,0.47,1770422459846,2057.96
0.53,0.25,0.62,0.47,1770422459918,2057.96
0.53,0.39,0.75,0.47,1770422459965,2057.96
0.53,0.39,0.61,0.47,1770422460078,2057.96
0.54,0.39,0.61,0.47,1770422460145,2057.96
0.55,0.39,0.61,0.46,1770422460204,2057.96
0.55,0.39,0.61,0.45,1770422460207,2056.2
0.56,0.39,0.61,0.45,1770422460244,2056.2
0.56,0.39,0.61,0.44,1770422460253,2056.2
0.54,0.39,0.61,0.44,1770422460383,2056.2
0.55,0.39,0.61,0.46,1770422460440,2056.2
0.55,0.39,0.61,0.45,1770422460576,2056.2
0.56,0.39,0.61,0.45,1770422460770,2056.2
0.56,0.39,0.61,0.44,1770422461115,2056.2
0.56,0.25,0.61,0.44,1770422461122,2056.2
0.56,0.37,0.75,0.44,1770422461162,2056.2
0.56,0.37,0.63,0.44,1770422461200,2056.2
0.57,0.37,0.63,0.44,1770422461304,2057.16
0.57,0.37,0.63,0.43,1770422461414,2057.16
0.58,0.37,0.63,0.43,1770422461469,2057.16
0.58,0.37,0.63,0.42,1770422461486,2057.16
0.46,0.37,0.63,0.42,1770422461494,2057.16
0.58,0.37,0.63,0.54,1770422461532,2057.16
0.58,0.37,0.63,0.42,1770422461533,2057.16
0.58,0.25,0.63,0.42,1770422461830,2057.16
0.58,0.25,0.75,0.42,1770422461853,2057.16
0.58,0.35,0.75,0.42,1770422461887,2057.16
0.58,0.35,0.65,0.42,1770422461910,2057.16
0.46,0.35,0.65,0.42,1770422461936,2057.16
0.59,0.35,0.65,0.54,1770422461945,2057.16
0.59,0.35,0.65,0.41,1770422461946,2057.16
0.59,0.25,0.65,0.41,1770422461955,2057.16
0.59,0.25,0.75,0.41,1770422461963,2057.16
0.59,0.34,0.75,0.41,1770422462015,2057.16
0.59,0.34,0.66,0.41,1770422462058,2057.16
0.58,0.34,0.66,0.41,1770422462060,2057.16
0.6,0.34,0.66,0.42,1770422462144,2057.16
0.6,0.34,0.66,0.4,1770422462222,2057.16
0.56,0.34,0.66,0.4,1770422466251,2057.75
0.46,0.34,0.66,0.44,1770422466269,2057.75
0.55,0.34,0.66,0.54,1770422466270,2057.75
0.58,0.34,0.66,0.45,1770422466291,2057.75
0.58,0.34,0.66,0.42,1770422466294,2057.75
0.58,0.25,0.66,0.42,1770422466559,2057.75
0.58,0.25,0.75,0.42,1770422467347,2057.1
0.54,0.25,0.75,0.42,1770422467360,2057.1
0.54,0.35,0.75,0.46,1770422467363,2057.1
0.55,0.35,0.65,0.46,1770422467420,2057.1
0.55,0.25,0.65,0.45,1770422467565,2057.1
0.55,0.36,0.75,0.45,1770422467620,2057.1
0.55,0.36,0.64,0.45,1770422467621,2057.1
0.55,0.25,0.64,0.45,1770422467882,2057.1
0.55,0.37,0.75,0.45,1770422467954,2057.1
0.55,0.37,0.63,0.45,1770422468210,2057.1
0.55,0.25,0.63,0.45,1770422468216,2057.1
0.52,0.25,0.75,0.45,1770422468230,2056.59
0.52,0.38,0.75,0.48,1770422468257,2056.59
0.52,0.38,0.62,0.48,1770422468258,2056.59
0.53,0.38,0.62,0.48,1770422468306,2056.59
0.53,0.38,0.62,0.47,1770422468336,2056.59
0.54,0.38,0.62,0.47,1770422468369,2056.59
0.54,0.38,0.62,0.46,1770422468439,2056.59
0.55,0.38,0.62,0.46,1770422468507,2056.59
0.55,0.38,0.62,0.45,1770422468545,2056.59
0.52,0.38,0.62,0.45,1770422468822,2056.59
0.54,0.38,0.62,0.48,1770422468868,2056.59
0.54,0.38,0.62,0.46,1770422468883,2056.59
0.46,0.38,0.62,0.46,1770422469339,2056.36
0.53,0.38,0.62,0.54,1770422469347,2056.36
0.54,0.38,0.62,0.47,1770422469498,2056.36
0.54,0.38,0.62,0.46,1770422469600,2056.36
0.55,0.38,0.62,0.46,1770422470172,2056.36
0.55,0.38,0.62,0.45,1770422470174,2056.36
0.56,0.38,0.62,0.45,1770422470264,2056.68
0.56,0.38,0.62,0.44,1770422471049,2056.68
0.57,0.38,0.62,0.44,1770422471332,2057.2
0.57,0.38,0.62,0.43,1770422471333,2057.2
0.57,0.25,0.62,0.43,1770422471828,2057.2
0.57,0.25,0.75,0.43,1770422471829,2057.2
0.56,0.25,0.75,0.43,1770422472196,2057.2
0.56,0.25,0.75,0.44,1770422472197,2057.2
0.56,0.34,0.75,0.44,1770422472202,2057.2
0.57,0.34,0.66,0.44,1770422472293,2057.5
0.57,0.25,0.66,0.43,1770422472303,2057.5
0.57,0.35,0.75,0.43,1770422472340,2057.5
0.57,0.35,0.65,0.43,1770422472358,2057.5
0.57,0.25,0.65,0.43,1770422472429,2057.5
0.57,0.35,0.75,0.43,1770422472476,2057.5
0.57,0.25,0.65,0.43,1770422472546,2057.5
0.57,0.35,0.75,0.43,1770422472627,2057.5
0.57,0.25,0.65,0.43,1770422472669,2057.5
0.57,0.36,0.75,0.43,1770422472756,2057.5
0.57,0.36,0.64,0.43,1770422473027,2057.5
0.54,0.36,0.64,0.43,1770422473040,2057.5
0.56,0.36,0.64,0.46,1770422473122,2057.5
0.56,0.36,0.64,0.44,1770422473218,2057.5
0.56,0.25,0.64,0.44,1770422473224,2056.9
0.53,0.25,0.75,0.44,1770422473249,2056.9
0.54,0.25,0.75,0.47,1770422473441,2056.9
0.54,0.25,0.75,0.46,1770422473442,2056.9
0.54,0.37,0.75,0.46,1770422473526,2056.9
0.54,0.37,0.63,0.46,1770422473626,2056.9
0.54,0.25,0.63,0.46,1770422473636,2056.9
0.54,0.38,0.75,0.46,1770422473696,2056.9
0.54,0.38,0.62,0.46,1770422473738,2056.9
0.46,0.38,0.62,0.46,1770422473835,2056.9
0.53,0.38,0.62,0.54,1770422473839,2056.9
0.55,0.38,0.62,0.47,1770422473858,2056.9
0.55,0.38,0.62,0.45,1770422473860,2056.9
0.52,0.38,0.62,0.45,1770422474009,2056.9
0.54,0.38,0.62,0.48,1770422474045,2056.9
0.54,0.25,0.62,0.46,1770422474087,2056.9
0.54,0.39,0.75,0.46,1770422474174,2056.9
0.52,0.39,0.61,0.46,1770422474261,2056.23
0.53,0.39,0.61,0.48,1770422474331,2056.23
0.53,0.39,0.61,0.47,1770422474524,2056.23
0.53,0.25,0.61,0.47,1770422474573,2056.23
0.53,0.39,0.75,0.47,1770422474662,2056.23
0.53,0.25,0.61,0.47,1770422474748,2056.23
0.53,0.25,0.75,0.47,1770422474785,2056.23
0.53,0.4,0.75,0.47,1770422474801,2056.23
0.5,0.4,0.6,0.47,1770422474817,2056.23
0.51,0.4,0.6,0.5,1770422474863,2056.23
0.52,0.4,0.6,0.49,1770422474869,2056.23
0.52,0.4,0.6,0.48,1770422474870,2056.23
0.53,0.4,0.6,0.48,1770422475056,2056.23
0.53,0.4,0.6,0.47,1770422475238,2056.23
0.54,0.4,0.6,0.47,1770422476189,2055.9
0.54,0.4,0.6,0.46,1770422476213,2055.9
0.54,0.25,0.6,0.46,1770422478997,2056.31
0.54,0.25,0.75,0.46,1770422479021,2056.31
0.54,0.39,0.75,0.46,1770422479050,2056.31
0.55,0.39,0.61,0.54,1770422479051,2056.31
0.55,0.39,0.61,0.45,1770422479072,2056.31
0.46,0.39,0.61,0.45,1770422479291,2056.84
0.46,0.39,0.61,0.54,1770422479292,2056.84
0.47,0.39,0.61,0.54,1770422479316,2056.84
0.47,0.39,0.61,0.53,1770422479317,2056.84
0.56,0.39,0.61,0.53,1770422479344,2056.84
0.56,0.39,0.61,0.44,1770422479358,2056.84
0.56,0.25,0.61,0.44,1770422479511,2056.84
0.56,0.35,0.75,0.44,1770422479658,2056.84
0.56,0.35,0.65,0.44,1770422480657,2057.09
0.56,0.25,0.65,0.44,1770422480660,2057.09
0.56,0.25,0.75,0.44,1770422480733,2057.09
0.56,0.36,0.75,0.44,1770422480769,2057.09
0.56,0.36,0.64,0.44,1770422480770,2057.09
0.56,0.25,0.64,0.44,1770422481590,2057.1
0.53,0.25,0.75,0.44,1770422481612,2057.1
0.53,0.37,0.75,0.47,1770422481642,2057.1
0.54,0.37,0.63,0.47,1770422482189,2057.1
0.54,0.25,0.63,0.46,1770422482201,2057.1
0.54,0.38,0.75,0.46,1770422482237,2057.1
0.54,0.38,0.62,0.46,1770422482238,2057.1
0.46,0.38,0.62,0.46,1770422482742,2056.69
0.53,0.38,0.62,0.54,1770422482743,2056.69
0.54,0.38,0.62,0.47,1770422482774,2056.69
0.54,0.38,0.62,0.46,1770422483224,2056.69
0.46,0.38,0.62,0.46,1770422483317,2056.48
0.55,0.38,0.62,0.54,1770422483338,2056.48
0.55,0.38,0.62,0.45,1770422483340,2056.48
0.54,0.38,0.62,0.45,1770422483415,2056.48
0.55,0.38,0.62,0.46,1770422483484,2056.48
0.55,0.38,0.62,0.45,1770422483485,2056.48
0.56,0.38,0.62,0.45,1770422483810,2056.48
0.56,0.38,0.62,0.44,1770422483887,2056.48
0.56,0.25,0.62,0.44,1770422485400,2057.15
0.57,0.25,0.75,0.44,1770422485434,2057.15
0.57,0.25,0.75,0.43,1770422485440,2057.15
0.57,0.33,0.75,0.43,1770422485498,2057.15
0.57,0.33,0.67,0.43,1770422485518,2057.15
0.58,0.33,0.67,0.43,1770422485634,2057.15
0.58,0.33,0.67,0.42,1770422486277,2057.73
0.46,0.33,0.67,0.42,1770422486350,2057.73
0.59,0.33,0.67,0.54,1770422486352,2057.73
0.46,0.33,0.67,0.41,1770422486379,2057.73
0.46,0.33,0.67,0.54,1770422486380,2057.73
0.59,0.33,0.67,0.41,1770422486402,2057.73
0.6,0.33,0.67,0.41,1770422486756,2057.73
0.6,0.33,0.67,0.4,1770422487145,2057.73
0.59,0.33,0.67,0.4,1770422487253,2058.46
0.6,0.33,0.67,0.41,1770422487310,2058.46
0.6,0.33,0.67,0.4,1770422487602,2058.46
0.58,0.33,0.67,0.4,1770422488117,2058.46
0.59,0.33,0.67,0.42,1770422488143,2058.46
0.59,0.33,0.67,0.41,1770422488948,2058.36
0.59,0.25,0.67,0.41,1770422489976,2058.05
0.59,0.33,0.75,0.41,1770422490036,2058.05
0.59,0.33,0.67,0.41,1770422490288,2058.01
0.59,0.25,0.67,0.41,1770422490300,2058.01
0.56,0.25,0.75,0.41,1770422490310,2058.01
0.56,0.25,0.75,0.44,1770422490311,2058.01
0.46,0.25,0.75,0.44,1770422490316,2058.01
0.46,0.35,0.75,0.54,1770422490335,2058.01
0.55,0.35,0.65,0.54,1770422490348,2058.01
0.55,0.35,0.65,0.45,1770422490363,2058.01
0.56,0.35,0.65,0.45,1770422490376,2058.01
0.56,0.35,0.65,0.44,1770422490377,2058.01
0.56,0.25,0.65,0.44,1770422490381,2058.01
0.56,0.36,0.75,0.44,1770422490418,2058.01
0.56,0.36,0.64,0.44,1770422490419,2058.01
0.56,0.25,0.64,0.44,1770422492208,2057.09
0.56,0.25,0.75,0.44,1770422492209,2057.09
0.56,0.36,0.75,0.44,1770422492298,2057.07
0.56,0.36,0.64,0.44,1770422492299,2057.07
0.56,0.25,0.64,0.44,1770422492496,2057.07
0.56,0.36,0.75,0.44,1770422492642,2057.07
0.56,0.36,0.64,0.44,1770422492643,2057.07
0.56,0.25,0.64,0.44,1770422492892,2057.07
0.56,0.37,0.75,0.44,1770422492933,2057.07
0.56,0.37,0.63,0.44,1770422493112,2057.07
0.53,0.37,0.63,0.44,1770422493114,2057.07
0.54,0.37,0.63,0.47,1770422493186,2057.07
0.54,0.37,0.63,0.46,1770422493187,2057.07
0.53,0.37,0.63,0.46,1770422493378,2056.82
0.53,0.25,0.63,0.47,1770422493385,2056.82
0.53,0.25,0.75,0.47,1770422493386,2056.82
0.46,0.25,0.75,0.47,1770422493390,2056.82
0.52,0.25,0.75,0.54,1770422493402,2056.82
0.53,0.25,0.75,0.48,1770422493434,2056.82
0.53,0.25,0.75,0.47,1770422493448,2056.82
0.53,0.39,0.75,0.47,1770422493475,2056.82
0.53,0.39,0.61,0.47,1770422493495,2056.82
0.53,0.25,0.61,0.47,1770422493509,2056.82
0.5,0.25,0.75,0.47,1770422493563,2056.82
0.5,0.4,0.75,0.5,1770422493579,2056.82
0.46,0.4,0.6,0.5,1770422493607,2056.82
0.51,0.4,0.6,0.54,1770422493608,2056.82
0.52,0.4,0.6,0.49,1770422493642,2056.82
0.52,0.4,0.6,0.48,1770422493653,2056.82
0.52,0.25,0.6,0.48,1770422493989,2056.82
0.52,0.41,0.75,0.48,1770422494025,2056.82
0.52,0.41,0.59,0.48,1770422494097,2056.82
0.46,0.41,0.59,0.48,1770422494200,2056.82
0.47,0.41,0.59,0.54,1770422494237,2055.51
0.47,0.25,0.59,0.53,1770422494261,2055.51
0.46,0.25,0.75,0.53,1770422494262,2055.51
0.48,0.25,0.75,0.54,1770422494264,2055.51
0.48,0.25,0.75,0.52,1770422494312,2055.51
0.48,0.42,0.75,0.52,1770422494362,2055.51
0.48,0.25,0.58,0.52,1770422494403,2055.51
0.49,0.25,0.75,0.52,1770422494451,2055.51
0.49,0.25,0.75,0.51,1770422494452,2055.51
0.49,0.42,0.75,0.51,1770422494489,2055.51
0.49,0.42,0.58,0.51,1770422495754,2054.9
0.49,0.25,0.58,0.51,1770422495770,2054.9
0.49,0.25,0.75,0.51,1770422495831,2054.9
0.49,0.43,0.75,0.51,1770422495894,2054.9
0.49,0.25,0.57,0.51,1770422496092,2054.9
0.49,0.44,0.75,0.51,1770422496144,2054.9
0.49,0.44,0.56,0.51,1770422496306,2054.45
0.46,0.44,0.56,0.51,1770422496531,2054.45
0.48,0.44,0.56,0.54,1770422496566,2054.45
0.48,0.36,0.56,0.52,1770422496620,2054.45
0.48,0.36,0.64,0.52,1770422496628,2054.45
0.46,0.36,0.64,0.52,1770422496642,2054.45
0.46,0.45,0.64,0.54,1770422496668,2054.45
0.46,0.45,0.55,0.54,1770422496730,2054.45
0.47,0.45,0.55,0.54,1770422496890,2054.45
0.47,0.45,0.55,0.53,1770422496901,2054.45
0.46,0.45,0.55,0.53,1770422496956,2054.45
0.46,0.45,0.55,0.54,1770422496977,2054.45
0.47,0.45,0.55,0.54,1770422497007,2054.45
0.47,0.45,0.55,0.53,1770422497059,2054.45
0.48,0.45,0.55,0.53,1770422497785,2054.42
0.48,0.45,0.55,0.52,1770422497990,2054.42
0.49,0.45,0.55,0.52,1770422498151,2054.42
0.49,0.45,0.55,0.51,1770422498159,2054.42
0.46,0.45,0.55,0.51,1770422498206,2054.42
0.48,0.45,0.55,0.54,1770422498254,2054.42
0.48,0.45,0.55,0.52,1770422498291,2054.52
0.46,0.45,0.55,0.52,1770422498772,2054.52
0.46,0.45,0.55,0.54,1770422498774,2054.52
0.47,0.45,0.55,0.54,1770422499287,2054.0
0.47,0.45,0.55,0.53,1770422499438,2054.0
0.47,0.36,0.55,0.53,1770422499488,2054.0
0.47,0.36,0.64,0.53,1770422499531,2054.0
0.47,0.46,0.64,0.53,1770422499536,2054.0
0.47,0.46,0.54,0.53,1770422499537,2054.0
0.48,0.46,0.54,0.53,1770422500125,2054.0
0.47,0.46,0.54,0.52,1770422500148,2054.0
0.47,0.46,0.54,0.53,1770422500168,2054.0
0.48,0.46,0.54,0.53,1770422500778,2054.46
0.48,0.46,0.54,0.52,1770422500850,2054.46
0.49,0.46,0.54,0.52,1770422500901,2054.46
0.49,0.46,0.54,0.51,1770422500902,2054.46
0.49,0.36,0.54,0.51,1770422501243,2054.46
0.49,0.36,0.64,0.51,1770422501265,2054.46
0.49,0.42,0.64,0.51,1770422501398,2054.56
0.49,0.42,0.58,0.51,1770422501480,2054.56
0.5,0.42,0.58,0.51,1770422501561,2054.56
0.5,0.42,0.58,0.5,1770422501628,2054.56
0.5,0.36,0.58,0.5,1770422504178,2055.0
0.5,0.42,0.64,0.5,1770422504307,2055.0
0.5,0.42,0.58,0.5,1770422504308,2055.0
0.5,0.36,0.58,0.5,1770422504343,2055.0
0.5,0.43,0.64,0.5,1770422504386,2055.0
0.5,0.43,0.57,0.5,1770422504967,2055.0
0.46,0.43,0.57,0.5,1770422504977,2055.0
0.47,0.43,0.57,0.54,1770422504981,2055.0
0.48,0.43,0.57,0.53,1770422505034,2055.0
0.47,0.43,0.57,0.52,1770422505141,2055.0
0.47,0.43,0.57,0.53,1770422505142,2055.0
0.46,0.43,0.57,0.53,1770422505147,2055.0
0.48,0.43,0.57,0.54,1770422505149,2055.0
0.46,0.43,0.57,0.52,1770422505179,2055.0
0.47,0.43,0.57,0.54,1770422505225,2055.0
0.47,0.43,0.57,0.53,1770422505226,2055.0
0.46,0.43,0.57,0.53,1770422505714,2054.77
0.46,0.43,0.57,0.54,1770422505721,2054.77
0.47,0.36,0.64,0.54,1770422505768,2054.77
0.47,0.36,0.64,0.53,1770422505773,2054.77
0.47,0.45,0.64,0.53,1770422505804,2054.77
0.47,0.36,0.55,0.53,1770422505832,2054.77
0.47,0.46,0.64,0.53,1770422505883,2054.77
0.47,0.46,0.54,0.53,1770422505948,2054.77
0.48,0.46,0.54,0.53,1770422507433,2054.01
0.48,0.46,0.54,0.52,1770422508284,2054.25
0.46,0.46,0.54,0.52,1770422508443,2054.25
0.46,0.46,0.54,0.54,1770422508474,2054.25
0.47,0.46,0.54,0.54,1770422509611,2053.91
0.47,0.46,0.54,0.53,1770422509612,2053.91
0.48,0.46,0.54,0.53,1770422515020,2053.92
0.48,0.46,0.54,0.52,1770422515021,2053.92
0.46,0.46,0.54,0.52,1770422515221,2053.92
0.47,0.46,0.54,0.54,1770422515299,2054.38
0.47,0.46,0.54,0.53,1770422515580,2054.38
0.48,0.46,0.54,0.53,1770422517201,2054.07
0.48,0.46,0.54,0.52,1770422517354,2054.11
0.49,0.46,0.54,0.52,1770422517871,2054.11
0.49,0.46,0.54,0.51,1770422517946,2054.11
0.49,0.36,0.54,0.51,1770422521185,2054.61
0.49,0.45,0.64,0.51,1770422521233,2054.61
0.49,0.45,0.55,0.51,1770422521269,2054.62
0.5,0.45,0.55,0.51,1770422521748,2054.62
0.5,0.45,0.55,0.5,1770422521840,2054.62
0.48,0.45,0.55,0.5,1770422521904,2054.62
0.46,0.45,0.55,0.52,1770422521909,2054.62
0.47,0.45,0.55,0.54,1770422521912,2054.62
0.48,0.45,0.55,0.53,1770422521940,2054.62
0.48,0.45,0.55,0.52,1770422522072,2054.62
0.49,0.45,0.55,0.52,1770422522431,2054.7
0.49,0.45,0.55,0.51,1770422522510,2054.7
0.46,0.45,0.55,0.51,1770422523353,2054.69
0.5,0.45,0.55,0.54,1770422523354,2054.69
0.5,0.36,0.55,0.5,1770422523366,2054.69
0.46,0.36,0.64,0.5,1770422523379,2054.69
0.5,0.36,0.64,0.54,1770422523403,2054.69
0.5,0.36,0.64,0.5,1770422523410,2054.69
0.5,0.41,0.64,0.5,1770422523447,2054.69
0.5,0.41,0.59,0.5,1770422523459,2054.69
0.46,0.41,0.59,0.5,1770422523515,2054.69
0.51,0.41,0.59,0.54,1770422523546,2054.69
0.51,0.41,0.59,0.49,1770422523547,2054.69
0.52,0.41,0.59,0.49,1770422524541,2055.31
0.52,0.41,0.59,0.48,1770422524542,2055.31
0.53,0.41,0.59,0.48,1770422524635,2055.31
0.53,0.41,0.59,0.47,1770422524642,2055.31
0.53,0.33,0.59,0.47,1770422525093,2055.31
0.53,0.33,0.67,0.47,1770422525113,2055.31
0.54,0.33,0.67,0.47,1770422525114,2055.31
0.54,0.39,0.67,0.46,1770422525134,2055.31
0.54,0.39,0.61,0.46,1770422525258,2056.51
0.55,0.39,0.61,0.46,1770422525302,2056.51
0.55,0.39,0.61,0.45,1770422525315,2056.51
0.56,0.39,0.61,0.45,1770422525421,2056.51
0.56,0.39,0.61,0.44,1770422525501,2056.51
0.56,0.39,0.62,0.44,1770422525583,2056.51
0.56,0.38,0.62,0.44,1770422525614,2056.51
0.57,0.38,0.62,0.44,1770422525806,2056.51
0.57,0.38,0.62,0.43,1770422525813,2056.51
0.57,0.38,0.75,0.43,1770422525834,2056.51
0.57,0.3,0.75,0.43,1770422525837,2056.51
0.58,0.3,0.7,0.43,1770422525847,2056.51
0.58,0.3,0.7,0.42,1770422525848,2056.51
0.58,0.3,0.63,0.42,1770422525883,2056.51
0.58,0.37,0.63,0.42,1770422525899,2056.51
0.58,0.37,0.64,0.42,1770422526158,2056.51
0.58,0.3,0.64,0.42,1770422526188,2056.51
0.58,0.3,0.65,0.42,1770422526192,2056.51
0.58,0.35,0.65,0.42,1770422526193,2056.51
0.59,0.35,0.65,0.42,1770422526269,2057.83
0.59,0.35,0.65,0.41,1770422526332,2057.83
0.59,0.35,0.64,0.41,1770422526364,2057.83
0.59,0.36,0.64,0.41,1770422526365,2057.83
0.59,0.36,0.63,0.41,1770422526517,2057.83
0.59,0.37,0.63,0.41,1770422526740,2057.83
0.59,0.37,0.64,0.41,1770422526849,2057.83
0.59,0.36,0.64,0.41,1770422526850,2057.83
0.59,0.3,0.64,0.41,1770422526852,2057.83
0.59,0.3,0.65,0.41,1770422526880,2057.83
0.59,0.35,0.65,0.41,1770422526903,2057.83
0.6,0.35,0.65,0.41,1770422526982,2057.83
0.6,0.35,0.65,0.4,1770422527277,2058.41
0.6,0.35,0.75,0.4,1770422527617,2058.41
0.6,0.25,0.75,0.4,1770422527634,2058.41
0.59,0.25,0.75,0.4,1770422527635,2058.41
0.59,0.25,0.65,0.41,1770422527640,2058.41
0.61,0.35,0.65,0.41,1770422527644,2058.41
0.61,0.35,0.65,0.39,1770422527700,2058.41
0.61,0.35,0.66,0.39,1770422527879,2058.41
0.61,0.34,0.66,0.39,1770422527923,2058.41
0.61,0.34,0.73,0.39,1770422528034,2058.41
0.61,0.32,0.73,0.39,1770422528043,2058.41
0.61,0.32,0.68,0.39,1770422528044,2058.41
0.62,0.32,0.68,0.39,1770422528096,2058.41
0.62,0.32,0.68,0.38,1770422528371,2059.24
0.62,0.32,0.67,0.38,1770422528412,2059.24
0.62,0.33,0.67,0.38,1770422528508,2059.24
0.62,0.27,0.67,0.38,1770422529060,2059.24
0.62,0.27,0.73,0.38,1770422529061,2059.24
0.62,0.27,0.68,0.38,1770422529083,2059.24
0.62,0.32,0.68,0.38,1770422529084,2059.24
0.63,0.32,0.68,0.38,1770422529733,2059.3
0.63,0.32,0.68,0.37,1770422529738,2059.3
0.63,0.32,0.73,0.37,1770422529744,2059.3
0.63,0.27,0.73,0.37,1770422529745,2059.3
0.63,0.27,0.7,0.37,1770422529773,2059.3
0.64,0.3,0.7,0.37,1770422529792,2059.3
0.64,0.3,0.7,0.36,1770422529832,2059.3
0.46,0.3,0.7,0.36,1770422529908,2059.3
0.46,0.3,0.7,0.54,1770422529916,2059.3
0.63,0.3,0.7,0.37,1770422529964,2059.3
0.64,0.3,0.7,0.37,1770422529973,2059.3
0.64,0.3,0.7,0.36,1770422529981,2059.3
0.64,0.3,0.71,0.36,1770422530082,2059.3
0.65,0.29,0.71,0.36,1770422530091,2059.3
0.65,0.29,0.71,0.35,1770422530109,2059.3
0.65,0.29,0.75,0.35,1770422530164,2059.3
0.65,0.25,0.75,0.35,1770422530208,2059.3
0.65,0.25,0.7,0.35,1770422530211,2059.3
0.65,0.3,0.7,0.35,1770422530213,2059.3
0.65,0.3,0.75,0.35,1770422530431,2060.37
0.65,0.28,0.75,0.35,1770422530449,2060.37
0.65,0.28,0.71,0.35,1770422530493,2060.37
0.65,0.29,0.71,0.35,1770422530559,2060.37
0.66,0.29,0.71,0.35,1770422530627,2060.37
0.66,0.29,0.71,0.34,1770422530628,2060.37
0.66,0.29,0.72,0.34,1770422530840,2060.37
0.66,0.28,0.72,0.34,1770422530871,2060.37
0.67,0.28,0.72,0.34,1770422531028,2060.37
0.67,0.28,0.72,0.33,1770422531043,2060.37
0.67,0.28,0.75,0.33,1770422531064,2060.37
0.67,0.25,0.75,0.33,1770422531091,2060.37
0.67,0.25,0.73,0.33,1770422531101,2060.37
0.67,0.27,0.73,0.33,1770422531104,2060.37
0.67,0.25,0.73,0.33,1770422531144,2060.37
0.67,0.25,0.75,0.33,1770422531145,2060.37
0.65,0.25,0.75,0.33,1770422531153,2060.37
0.63,0.25,0.75,0.35,1770422531154,2060.37
0.48,0.25,0.75,0.37,1770422531169,2060.37
0.62,0.25,0.75,0.52,1770422531180,2060.37
0.62,0.29,0.71,0.38,1770422531181,2060.37
0.48,0.29,0.71,0.38,1770422531201,2060.37
0.48,0.29,0.71,0.52,1770422531202,2060.37
0.49,0.29,0.71,0.52,1770422531224,2060.37
0.6,0.29,0.71,0.51,1770422531240,2060.37
0.6,0.29,0.71,0.4,1770422531249,2060.37
0.61,0.29,0.71,0.4,1770422531279,2060.97
0.61,0.29,0.71,0.39,1770422531280,2060.97
0.61,0.25,0.71,0.39,1770422531294,2060.97
0.6,0.25,0.75,0.39,1770422531308,2060.97
0.48,0.25,0.75,0.4,1770422531316,2060.97
0.48,0.3,0.75,0.52,1770422531327,2060.97
0.61,0.3,0.7,0.4,1770422531360,2060.97
0.61,0.3,0.7,0.39,1770422531490,2060.97
0.61,0.25,0.7,0.39,1770422531651,2060.97
0.61,0.25,0.75,0.39,1770422531656,2060.97
0.61,0.31,0.75,0.39,1770422531687,2060.97
0.61,0.31,0.69,0.39,1770422531699,2060.97
0.59,0.31,0.69,0.39,1770422531707,2060.97
0.58,0.31,0.69,0.41,1770422531717,2060.97
0.58,0.25,0.69,0.42,1770422531718,2060.97
0.59,0.25,0.75,0.42,1770422531746,2060.97
0.59,0.32,0.75,0.41,1770422531808,2060.97
0.59,0.32,0.68,0.41,1770422531821,2060.97
0.55,0.32,0.68,0.41,1770422531849,2060.97
0.55,0.25,0.68,0.45,1770422531899,2060.97
0.57,0.25,0.75,0.45,1770422531909,2060.97
0.57,0.25,0.75,0.43,1770422531921,2060.97
0.57,0.34,0.75,0.43,1770422531964,2060.97
0.57,0.34,0.66,0.43,1770422532100,2060.97
0.57,0.25,0.66,0.43,1770422532111,2060.97
0.57,0.35,0.75,0.43,1770422532154,2060.97
0.57,0.35,0.65,0.43,1770422532155,2060.97
0.57,0.25,0.65,0.43,1770422532438,2057.57
0.57,0.36,0.75,0.43,1770422532475,2057.57
0.57,0.36,0.64,0.43,1770422532477,2057.57
0.54,0.36,0.64,0.43,1770422532485,2057.57
0.54,0.25,0.64,0.46,1770422532518,2057.57
0.55,0.25,0.75,0.46,1770422532539,2057.57
0.55,0.37,0.75,0.45,1770422532574,2057.57
0.55,0.37,0.63,0.45,1770422532702,2057.57
0.54,0.37,0.63,0.45,1770422533028,2057.57
0.56,0.37,0.63,0.46,1770422533029,2057.57
0.56,0.37,0.63,0.44,1770422533127,2057.57
0.53,0.37,0.63,0.44,1770422533140,2057.57
0.46,0.37,0.63,0.47,1770422533150,2057.57
0.46,0.25,0.63,0.54,1770422533157,2057.57
0.52,0.25,0.75,0.54,1770422533163,2057.57
0.52,0.25,0.75,0.48,1770422533164,2057.57
0.53,0.25,0.75,0.48,1770422533192,2057.57
0.53,0.39,0.75,0.47,1770422533233,2056.98
0.53,0.39,0.61,0.47,1770422533244,2056.98
0.54,0.39,0.61,0.47,1770422533822,2056.98
0.54,0.39,0.61,0.46,1770422533954,2056.98
0.55,0.39,0.61,0.46,1770422534470,2056.45
0.55,0.39,0.61,0.45,1770422534587,2056.45
0.56,0.39,0.61,0.45,1770422534694,2056.45
0.56,0.39,0.61,0.44,1770422534762,2056.45
0.46,0.39,0.61,0.44,1770422534774,2056.45
0.54,0.39,0.61,0.54,1770422534783,2056.45
0.54,0.39,0.61,0.46,1770422534792,2056.45
0.55,0.39,0.61,0.46,1770422534809,2056.45
0.55,0.39,0.61,0.45,1770422534825,2056.45
0.52,0.39,0.61,0.45,1770422535116,2056.45
0.52,0.39,0.61,0.48,1770422535117,2056.45
0.54,0.39,0.61,0.48,1770422535170,2056.45
0.54,0.39,0.61,0.46,1770422535218,2056.45
0.51,0.39,0.61,0.46,1770422535251,2056.45
0.52,0.39,0.61,0.49,1770422535298,2056.58
0.52,0.31,0.61,0.48,1770422535350,2056.58
0.52,0.39,0.69,0.48,1770422535479,2056.58
0.52,0.39,0.61,0.48,1770422535617,2056.58
0.52,0.31,0.61,0.48,1770422535625,2056.58
0.52,0.31,0.69,0.48,1770422535642,2056.58
0.49,0.31,0.69,0.48,1770422535646,2056.58
0.51,0.31,0.69,0.51,1770422535685,2056.58
0.51,0.31,0.69,0.49,1770422535686,2056.58
0.51,0.41,0.69,0.49,1770422535727,2056.58
0.51,0.41,0.59,0.49,1770422535755,2056.58
0.52,0.41,0.59,0.49,1770422539424,2055.44
0.52,0.41,0.59,0.48,1770422539960,2055.44
0.53,0.41,0.59,0.48,1770422540054,2055.44
0.53,0.41,0.59,0.47,1770422540325,2055.78
0.46,0.41,0.59,0.47,1770422540386,2055.78
0.49,0.41,0.59,0.54,1770422540408,2055.78
0.51,0.41,0.59,0.51,1770422540440,2055.78
0.51,0.41,0.59,0.49,1770422540441,2055.78
0.46,0.41,0.59,0.49,1770422541481,2055.43
0.5,0.41,0.59,0.54,1770422541483,2055.43
0.52,0.41,0.59,0.5,1770422541493,2055.43
0.52,0.41,0.59,0.48,1770422543714,2055.59
0.53,0.41,0.59,0.48,1770422545071,2055.69
0.53,0.41,0.59,0.47,1770422546101,2055.99
0.5,0.41,0.59,0.47,1770422546168,2055.99
0.46,0.41,0.59,0.5,1770422546195,2055.9
0.46,0.41,0.59,0.54,1770422546196,2055.9
0.49,0.41,0.59,0.54,1770422546200,2055.9
0.51,0.41,0.59,0.51,1770422546220,2055.9
0.51,0.34,0.59,0.49,1770422546987,2055.9
0.51,0.42,0.66,0.49,1770422547024,2055.9
0.51,0.42,0.58,0.49,1770422547103,2055.9
0.48,0.42,0.58,0.49,1770422548341,2055.26
0.49,0.42,0.58,0.52,1770422548454,2055.26
0.49,0.42,0.58,0.51,1770422548855,2055.26
0.49,0.34,0.58,0.51,1770422548864,2055.26
0.49,0.43,0.66,0.51,1770422548901,2055.26
0.49,0.43,0.57,0.51,1770422549795,2054.61
0.49,0.34,0.57,0.51,1770422550029,2054.61
0.49,0.34,0.66,0.51,1770422550030,2054.61
0.49,0.44,0.66,0.51,1770422550080,2054.61
0.49,0.44,0.56,0.51,1770422550097,2054.61
0.46,0.44,0.56,0.51,1770422550283,2054.5
0.46,0.34,0.56,0.54,1770422550298,2054.5
0.46,0.34,0.66,0.54,1770422550299,2054.5
0.48,0.34,0.66,0.54,1770422550321,2054.5
0.48,0.44,0.66,0.52,1770422550363,2054.5
0.48,0.44,0.56,0.52,1770422550426,2054.5
0.47,0.44,0.56,0.52,1770422551329,2054.25
0.49,0.44,0.56,0.53,1770422551378,2054.25
0.49,0.44,0.56,0.51,1770422551403,2054.25
0.48,0.44,0.56,0.51,1770422552189,2054.25
0.5,0.44,0.56,0.52,1770422552224,2054.25
0.5,0.44,0.56,0.5,1770422552273,2054.25
0.51,0.44,0.56,0.5,1770422552809,2054.87
0.51,0.44,0.56,0.49,1770422552875,2054.87
0.51,0.34,0.56,0.49,1770422553062,2054.87
0.51,0.43,0.66,0.49,1770422553104,2054.87
0.51,0.43,0.57,0.49,1770422553799,2055.3
0.51,0.34,0.57,0.49,1770422553848,2055.3
0.51,0.34,0.66,0.49,1770422553858,2055.3
0.51,0.42,0.66,0.49,1770422553863,2055.3
0.52,0.42,0.58,0.49,1770422553912,2055.3
0.52,0.42,0.58,0.48,1770422554196,2055.3
0.49,0.42,0.58,0.48,1770422554261,2055.6
0.5,0.42,0.58,0.51,1770422554326,2055.6
0.5,0.42,0.58,0.5,1770422554370,2055.6
0.51,0.42,0.58,0.5,1770422556940,2055.11
0.51,0.42,0.58,0.49,1770422557286,2055.39
0.52,0.42,0.58,0.49,1770422557803,2055.39
0.52,0.42,0.58,0.48,1770422559362,2055.59
0.46,0.42,0.58,0.48,1770422559427,2055.59
0.53,0.42,0.58,0.54,1770422559428,2055.59
0.53,0.34,0.58,0.47,1770422559432,2055.59
0.46,0.34,0.66,0.47,1770422559451,2055.59
0.47,0.34,0.66,0.54,1770422559453,2055.59
0.53,0.34,0.66,0.53,1770422559470,2055.59
0.53,0.34,0.66,0.47,1770422559537,2055.59
0.53,0.37,0.63,0.47,1770422559540,2055.59
0.52,0.37,0.63,0.47,1770422559611,2055.59
0.53,0.37,0.63,0.48,1770422559719,2055.59
0.53,0.37,0.63,0.47,1770422559731,2055.59
0.54,0.37,0.63,0.47,1770422559835,2055.59
0.54,0.37,0.63,0.46,1770422559956,2055.59
0.53,0.37,0.63,0.46,1770422560774,2056.31
0.53,0.37,0.63,0.47,1770422560809,2056.31
0.54,0.37,0.63,0.47,1770422560892,2056.31
0.54,0.37,0.63,0.46,1770422561178,2056.31
0.53,0.37,0.63,0.46,1770422561410,2056.53
0.53,0.37,0.63,0.47,1770422561411,2056.53
0.54,0.37,0.63,0.47,1770422561451,2056.53
0.54,0.37,0.63,0.46,1770422561887,2056.53
0.55,0.37,0.63,0.46,1770422562072,2056.53
0.55,0.37,0.6,0.45,1770422562146,2056.53
0.55,0.4,0.6,0.45,1770422562206,2056.53
0.52,0.4,0.6,0.45,1770422562843,2056.54
0.46,0.4,0.6,0.48,1770422562863,2056.54
0.51,0.4,0.6,0.54,1770422562864,2056.54
0.51,0.4,0.59,0.49,1770422562874,2056.54
0.53,0.41,0.59,0.49,1770422562893,2056.54
0.53,0.41,0.59,0.47,1770422562913,2056.54
0.53,0.41,0.69,0.47,1770422562935,2056.54
0.53,0.31,0.58,0.47,1770422562962,2056.54
0.53,0.42,0.58,0.47,1770422563001,2056.54
0.54,0.42,0.58,0.47,1770422566456,2056.01
0.54,0.42,0.58,0.46,1770422566457,2056.01
0.53,0.42,0.58,0.46,1770422566613,2056.01
0.55,0.42,0.58,0.47,1770422566660,2056.01
0.55,0.42,0.69,0.45,1770422566684,2056.01
0.55,0.31,0.69,0.45,1770422566685,2056.01
0.55,0.31,0.6,0.45,1770422566713,2056.01
0.55,0.4,0.6,0.45,1770422566842,2056.01
0.55,0.4,0.69,0.45,1770422567165,2056.01
0.55,0.4,0.6,0.45,1770422567176,2056.01
0.55,0.4,0.59,0.45,1770422567194,2056.01
0.55,0.41,0.59,0.45,1770422567773,2056.56
0.52,0.41,0.59,0.45,1770422568109,2056.56
0.52,0.41,0.59,0.48,1770422568110,2056.56
0.53,0.41,0.59,0.48,1770422568244,2056.32
0.53,0.41,0.59,0.47,1770422568392,2056.32
0.53,0.41,0.58,0.47,1770422568610,2056.32
0.53,0.42,0.58,0.47,1770422568681,2056.32
0.5,0.42,0.58,0.47,1770422569340,2055.9
0.51,0.42,0.58,0.5,1770422569642,2055.9
0.51,0.42,0.58,0.49,1770422569724,2055.9
0.46,0.42,0.58,0.49,1770422570869,2055.7
0.47,0.42,0.58,0.54,1770422570893,2055.7
0.46,0.42,0.58,0.53,1770422570933,2055.7
0.48,0.42,0.58,0.54,1770422570935,2055.7
0.46,0.42,0.58,0.52,1770422571018,2055.7
0.46,0.42,0.58,0.51,1770422571094,2055.7
0.5,0.42,0.58,0.54,1770422571096,2055.7
0.51,0.42,0.58,0.5,1770422571273,2055.61
0.51,0.42,0.58,0.49,1770422571274,2055.61
0.46,0.42,0.58,0.49,1770422571676,2055.61
0.5,0.42,0.58,0.54,1770422571701,2055.61
0.51,0.42,0.58,0.5,1770422571782,2055.61
0.51,0.42,0.58,0.49,1770422572811,2055.61
0.52,0.42,0.58,0.49,1770422572922,2055.61
0.52,0.42,0.58,0.48,1770422572923,2055.61
0.53,0.42,0.58,0.48,1770422573819,2055.61
0.53,0.42,0.58,0.47,1770422573855,2055.61
0.46,0.42,0.58,0.47,1770422574006,2055.61
0.52,0.42,0.58,0.54,1770422574017,2055.61
0.53,0.42,0.58,0.48,1770422574087,2055.61
0.53,0.42,0.58,0.47,1770422574107,2055.61
0.54,0.42,0.58,0.47,1770422574271,2056.1
0.54,0.42,0.58,0.46,1770422574326,2056.1
0.53,0.42,0.58,0.46,1770422575987,2056.16
0.55,0.42,0.58,0.47,1770422576001,2056.16
0.55,0.42,0.6,0.45,1770422576032,2056.16
0.55,0.4,0.59,0.45,1770422576082,2056.16
0.55,0.41,0.59,0.45,1770422576872,2056.5
0.52,0.41,0.59,0.45,1770422576897,2056.5
0.52,0.41,0.59,0.48,1770422576898,2056.5
0.53,0.41,0.59,0.48,1770422576921,2056.5
0.53,0.41,0.59,0.47,1770422576922,2056.5
0.53,0.41,0.58,0.47,1770422577036,2056.5
0.53,0.42,0.58,0.47,1770422577037,2056.5
0.54,0.42,0.58,0.47,1770422583556,2056.05
0.54,0.42,0.58,0.46,1770422583605,2056.05
0.55,0.42,0.58,0.46,1770422583736,2056.05
0.55,0.42,0.61,0.45,1770422583766,2056.05
0.55,0.39,0.6,0.45,1770422583797,2056.05
0.55,0.4,0.6,0.45,1770422583798,2056.05
0.55,0.4,0.69,0.45,1770422585557,2056.64
0.55,0.31,0.69,0.45,1770422585558,2056.64
0.55,0.4,0.69,0.45,1770422585563,2056.64
0.46,0.4,0.6,0.45,1770422585576,2056.64
0.51,0.4,0.6,0.54,1770422585586,2056.64
0.51,0.4,0.6,0.49,1770422585587,2056.64
0.51,0.4,0.58,0.49,1770422585588,2056.64
0.54,0.42,0.58,0.49,1770422585608,2056.64
0.54,0.42,0.58,0.46,1770422585613,2056.64
0.47,0.42,0.58,0.46,1770422585667,2056.64
0.51,0.42,0.58,0.53,1770422585723,2056.64
0.51,0.42,0.58,0.49,1770422585724,2056.64
0.54,0.42,0.58,0.49,1770422585728,2056.64
0.54,0.42,0.58,0.46,1770422585729,2056.64
0.54,0.42,0.59,0.46,1770422585789,2056.64
0.54,0.31,0.59,0.46,1770422585809,2056.64
0.54,0.31,0.6,0.46,1770422585817,2056.64
0.54,0.4,0.69,0.46,1770422585829,2056.64
0.54,0.37,0.69,0.46,1770422585956,2056.64
0.54,0.37,0.63,0.46,1770422586013,2056.64
0.54,0.31,0.63,0.46,1770422586054,2056.64
0.54,0.38,0.69,0.46,1770422586120,2056.64
0.54,0.38,0.62,0.46,1770422587208,2056.23
0.55,0.38,0.62,0.46,1770422588150,2056.12
0.55,0.38,0.6,0.45,1770422588191,2056.12
0.55,0.4,0.6,0.45,1770422588340,2056.44
0.55,0.4,0.61,0.45,1770422590344,2056.63
0.55,0.39,0.61,0.45,1770422590367,2056.63
0.56,0.39,0.61,0.45,1770422591362,2056.75
0.56,0.39,0.69,0.44,1770422591365,2056.75
0.56,0.31,0.69,0.44,1770422591382,2056.75
0.56,0.31,0.63,0.44,1770422591401,2056.75
0.57,0.37,0.63,0.44,1770422591433,2056.75
0.57,0.37,0.63,0.43,1770422591467,2056.75
0.57,0.37,0.61,0.43,1770422591530,2056.75
0.57,0.39,0.61,0.43,1770422591802,2056.75
0.57,0.39,0.63,0.43,1770422591825,2056.75
0.57,0.37,0.62,0.43,1770422591863,2056.75
0.57,0.38,0.62,0.43,1770422591864,2056.75
0.57,0.38,0.63,0.43,1770422592808,2057.34
0.57,0.31,0.63,0.43,1770422592835,2057.34
0.57,0.31,0.69,0.43,1770422592844,2057.34
0.57,0.37,0.63,0.43,1770422592895,2057.34
0.58,0.37,0.63,0.43,1770422592909,2057.34
0.58,0.37,0.63,0.42,1770422593080,2057.34
0.58,0.37,0.64,0.42,1770422595208,2057.79
0.58,0.36,0.64,0.42,1770422595233,2057.79
0.59,0.36,0.64,0.42,1770422595733,2057.78
0.59,0.36,0.64,0.41,1770422595741,2057.78
0.59,0.36,0.72,0.41,1770422595746,2057.78
0.58,0.28,0.72,0.41,1770422595757,2057.78
0.58,0.35,0.72,0.42,1770422595783,2057.78
0.58,0.35,0.65,0.42,1770422595785,2057.78
0.59,0.35,0.65,0.42,1770422595827,2057.78
0.59,0.35,0.65,0.41,1770422595953,2057.78
0.59,0.35,0.64,0.41,1770422596146,2057.78
0.59,0.36,0.64,0.41,1770422596457,2058.14
0.56,0.36,0.64,0.41,1770422597518,2057.95
0.57,0.36,0.64,0.44,1770422597622,2057.95
0.57,0.36,0.64,0.43,1770422597625,2057.95
0.57,0.36,0.63,0.43,1770422597654,2057.95
0.57,0.37,0.63,0.43,1770422597765,2057.95
0.58,0.37,0.63,0.43,1770422600671,2057.36
0.58,0.37,0.63,0.42,1770422600672,2057.36
0.59,0.37,0.63,0.42,1770422602789,2057.67
0.59,0.37,0.72,0.41,1770422602802,2057.67
0.59,0.28,0.72,0.41,1770422602806,2057.67
0.58,0.28,0.72,0.41,1770422602814,2057.67
0.58,0.34,0.72,0.42,1770422602816,2057.67
0.58,0.34,0.65,0.42,1770422602840,2057.67
0.6,0.35,0.65,0.42,1770422602869,2057.67
0.6,0.35,0.65,0.4,1770422602886,2057.67
0.6,0.35,0.72,0.4,1770422606417,2058.41
0.6,0.28,0.72,0.4,1770422606434,2058.41
0.6,0.32,0.72,0.4,1770422606445,2058.41
0.6,0.32,0.66,0.4,1770422606453,2058.41
0.61,0.34,0.66,0.4,1770422606478,2058.41
0.61,0.34,0.66,0.39,1770422606479,2058.41
0.61,0.34,0.68,0.39,1770422607533,2058.7
0.61,0.32,0.68,0.39,1770422607534,2058.7
0.61,0.32,0.67,0.39,1770422607561,2058.7
0.61,0.33,0.67,0.39,1770422607587,2058.7
0.62,0.33,0.67,0.39,1770422607648,2058.7
0.62,0.33,0.67,0.38,1770422608171,2058.7
0.63,0.33,0.67,0.38,1770422609866,2058.93
0.63,0.33,0.67,0.37,1770422609932,2058.93
0.63,0.33,0.75,0.37,1770422609968,2058.93
0.63,0.25,0.68,0.37,1770422609998,2058.93
0.63,0.32,0.68,0.37,1770422610067,2058.93
0.63,0.32,0.69,0.37,1770422610935,2059.36
0.63,0.25,0.69,0.37,1770422610936,2059.36
0.63,0.31,0.69,0.37,1770422610966,2059.36
0.64,0.31,0.69,0.37,1770422611020,2059.36
0.64,0.31,0.69,0.36,1770422611097,2059.36
0.64,0.31,0.75,0.36,1770422611215,2059.36
0.64,0.25,0.68,0.36,1770422611251,2059.76
0.64,0.32,0.68,0.36,1770422611398,2059.76
0.61,0.32,0.68,0.36,1770422612069,2059.76
0.63,0.32,0.68,0.39,1770422612128,2059.76
0.63,0.32,0.68,0.37,1770422612261,2059.56
0.6,0.32,0.68,0.37,1770422613681,2059.35
0.6,0.32,0.67,0.4,1770422613718,2059.35
0.6,0.33,0.67,0.4,1770422613781,2059.35
0.61,0.33,0.67,0.4,1770422613787,2059.35
0.61,0.33,0.67,0.39,1770422613847,2059.35
0.62,0.33,0.67,0.39,1770422615018,2058.91
0.62,0.33,0.67,0.38,1770422616478,2058.99
0.62,0.33,0.68,0.38,1770422616930,2058.99
0.62,0.32,0.68,0.38,1770422616956,2058.99
0.63,0.32,0.68,0.38,1770422617048,2058.99
0.63,0.32,0.68,0.37,1770422617049,2058.99
0.63,0.32,0.69,0.37,1770422618864,2059.36
0.63,0.25,0.69,0.37,1770422618865,2059.36
0.63,0.31,0.69,0.37,1770422618896,2059.36
0.64,0.31,0.69,0.37,1770422619167,2059.36
0.64,0.31,0.69,0.36,1770422619497,2059.73
0.64,0.31,0.75,0.36,1770422619713,2059.73
0.61,0.25,0.75,0.36,1770422619725,2059.73
0.61,0.31,0.75,0.39,1770422619733,2059.73
0.61,0.31,0.67,0.39,1770422619764,2059.73
0.63,0.33,0.67,0.39,1770422619795,2059.73
0.63,0.33,0.67,0.37,1770422619818,2059.73
0.6,0.33,0.67,0.37,1770422623230,2059.24
0.6,0.33,0.67,0.4,1770422623235,2059.24
0.46,0.33,0.67,0.4,1770422623241,2059.24
0.46,0.33,0.67,0.54,1770422623250,2059.24
0.59,0.33,0.67,0.54,1770422623255,2059.24
0.59,0.33,0.67,0.41,1770422623256,2059.24
0.59,0.33,0.66,0.41,1770422623285,2059.24
0.61,0.34,0.66,0.41,1770422623286,2059.24
0.61,0.34,0.66,0.39,1770422623323,2059.24
0.58,0.34,0.66,0.39,1770422623355,2059.24
0.58,0.34,0.75,0.42,1770422623357,2059.24
0.58,0.34,0.66,0.42,1770422623362,2059.24
0.58,0.34,0.65,0.42,1770422623387,2059.24
0.6,0.35,0.65,0.42,1770422623407,2059.24
0.6,0.35,0.65,0.4,1770422623498,2059.24
0.61,0.35,0.65,0.4,1770422625728,2058.31
0.61,0.35,0.67,0.39,1770422625870,2058.31
0.61,0.33,0.66,0.39,1770422625908,2058.31
0.61,0.34,0.66,0.39,1770422627601,2058.8
0.62,0.34,0.66,0.39,1770422627760,2058.8
0.62,0.34,0.66,0.38,1770422628279,2059.02
0.62,0.34,0.68,0.38,1770422629108,2059.02
0.62,0.32,0.67,0.38,1770422629183,2059.02
0.62,0.33,0.67,0.38,1770422629184,2059.02
0.63,0.33,0.67,0.38,1770422629482,2059.06
0.63,0.33,0.67,0.37,1770422630394,2059.28
0.46,0.33,0.67,0.37,1770422632460,2059.05
0.59,0.33,0.67,0.54,1770422632463,2059.05
0.59,0.33,0.75,0.41,1770422632467,2059.05
0.59,0.25,0.65,0.41,1770422632499,2059.05
0.46,0.35,0.65,0.41,1770422632513,2059.05
0.46,0.35,0.65,0.54,1770422632514,2059.05
0.61,0.35,0.65,0.39,1770422632515,2059.05
0.58,0.35,0.65,0.39,1770422632712,2059.05
0.57,0.35,0.65,0.42,1770422632713,2059.05
0.57,0.35,0.65,0.43,1770422632725,2059.05
0.57,0.35,0.64,0.43,1770422632755,2059.05
0.59,0.36,0.64,0.43,1770422632766,2059.05
0.59,0.36,0.64,0.41,1770422632883,2059.05
0.6,0.36,0.64,0.41,1770422635857,2057.91
0.6,0.36,0.64,0.4,1770422636151,2057.91
0.6,0.36,0.72,0.4,1770422638090,2058.25
0.6,0.28,0.63,0.4,1770422638132,2058.25
0.6,0.37,0.63,0.4,1770422638154,2058.25
0.57,0.37,0.63,0.4,1770422638155,2058.25
0.58,0.37,0.63,0.43,1770422638225,2058.25
0.58,0.37,0.63,0.42,1770422638333,2057.87
0.58,0.37,0.72,0.42,1770422641612,2057.88
0.58,0.37,0.63,0.42,1770422641629,2057.88
0.58,0.37,0.62,0.42,1770422641641,2057.88
0.58,0.38,0.62,0.42,1770422642182,2057.88
0.58,0.38,0.65,0.42,1770422642263,2057.53
0.58,0.35,0.65,0.42,1770422642278,2057.53
0.58,0.35,0.64,0.42,1770422642308,2057.53
0.58,0.36,0.64,0.42,1770422642324,2057.53
0.59,0.36,0.64,0.42,1770422642365,2057.53
0.59,0.36,0.64,0.41,1770422642869,2057.53
0.6,0.36,0.64,0.41,1770422645165,2058.07
0.6,0.36,0.64,0.4,1770422645408,2058.11
0.6,0.36,0.66,0.4,1770422648175,2058.27
0.6,0.34,0.66,0.4,1770422648176,2058.27
0.6,0.28,0.66,0.4,1770422648179,2058.27
0.6,0.28,0.72,0.4,1770422648191,2058.27
0.6,0.28,0.66,0.4,1770422648205,2058.27
0.6,0.34,0.66,0.4,1770422648214,2058.27
0.46,0.34,0.66,0.4,1770422648251,2058.28
0.59,0.34,0.66,0.54,1770422648270,2058.28
0.59,0.34,0.66,0.41,1770422648292,2058.28
0.6,0.34,0.66,0.41,1770422648336,2058.28
0.6,0.34,0.66,0.4,1770422648896,2058.28
0.59,0.34,0.66,0.4,1770422648978,2058.28
0.59,0.34,0.67,0.41,1770422648994,2058.28
0.59,0.33,0.65,0.41,1770422649032,2058.28
0.59,0.35,0.65,0.41,1770422649033,2058.28
0.6,0.35,0.65,0.41,1770422649103,2058.28
0.6,0.35,0.65,0.4,1770422649365,2058.44
0.61,0.35,0.65,0.4,1770422649526,2058.44
0.61,0.35,0.65,0.39,1770422649527,2058.44
0.61,0.35,0.67,0.39,1770422649855,2058.44
0.61,0.33,0.67,0.39,1770422649858,2058.44
0.61,0.33,0.66,0.39,1770422649890,2058.44
0.61,0.34,0.66,0.39,1770422649891,2058.44
0.61,0.34,0.72,0.39,1770422651086,2058.84
0.61,0.28,0.72,0.39,1770422651087,2058.84
0.61,0.34,0.72,0.39,1770422651119,2058.84
0.61,0.34,0.65,0.39,1770422651126,2058.84
0.61,0.35,0.65,0.39,1770422651135,2058.84
0.61,0.35,0.64,0.39,1770422652726,2058.14
0.58,0.36,0.64,0.39,1770422652793,2058.14
0.59,0.36,0.64,0.42,1770422652901,2058.14
0.59,0.36,0.64,0.41,1770422653339,2058.13
0.59,0.36,0.72,0.41,1770422656136,2057.79
0.59,0.28,0.63,0.41,1770422656168,2057.79
0.59,0.37,0.63,0.41,1770422656196,2057.79
0.59,0.37,0.65,0.41,1770422656916,2057.86
0.59,0.35,0.64,0.41,1770422656955,2057.86
0.59,0.36,0.64,0.41,1770422657103,2057.86
0.59,0.36,0.66,0.41,1770422657456,2058.09
0.59,0.34,0.65,0.41,1770422657492,2058.09
0.6,0.35,0.65,0.41,1770422657517,2058.09
0.6,0.35,0.65,0.4,1770422658026,2058.09
0.61,0.35,0.65,0.4,1770422658425,2058.43
0.61,0.35,0.65,0.39,1770422658426,2058.43
0.61,0.35,0.67,0.39,1770422660917,2058.65
0.61,0.33,0.66,0.39,1770422660947,2058.65
0.61,0.34,0.66,0.39,1770422660948,2058.65
0.6,0.34,0.66,0.39,1770422661578,2058.72
0.61,0.34,0.66,0.4,1770422661679,2058.72
0.61,0.34,0.66,0.39,1770422661913,2058.72
0.62,0.34,0.66,0.39,1770422662075,2058.72
0.62,0.34,0.66,0.38,1770422662166,2058.72
0.62,0.34,0.75,0.38,1770422664877,2058.87
0.62,0.34,0.66,0.38,1770422664904,2058.87
0.62,0.34,0.65,0.38,1770422664908,2058.87
0.62,0.35,0.65,0.38,1770422664909,2058.87
0.59,0.35,0.65,0.38,1770422664915,2058.87
0.59,0.35,0.65,0.41,1770422664916,2058.87
0.6,0.35,0.65,0.41,1770422664978,2058.87
0.6,0.35,0.65,0.4,1770422668318,2058.51
0.6,0.35,0.66,0.4,1770422672990,2058.4
0.6,0.34,0.64,0.4,1770422673018,2058.4
0.6,0.36,0.64,0.4,1770422673902,2058.41
0.6,0.36,0.68,0.4,1770422673999,2058.41
0.6,0.32,0.68,0.4,1770422674003,2058.41
0.6,0.32,0.66,0.4,1770422674020,2058.41
0.61,0.34,0.66,0.4,1770422674047,2058.41
0.61,0.34,0.66,0.39,1770422674154,2058.41
0.61,0.34,0.75,0.39,1770422674194,2058.41
0.61,0.25,0.75,0.39,1770422674195,2058.41
0.61,0.33,0.65,0.39,1770422674230,2058.41
0.61,0.35,0.65,0.39,1770422675254,2058.64
0.61,0.35,0.75,0.39,1770422675256,2058.64
0.61,0.31,0.66,0.39,1770422675257,2058.64
0.61,0.34,0.66,0.39,1770422675308,2058.64
0.62,0.34,0.66,0.39,1770422675363,2058.64
0.62,0.34,0.66,0.38,1770422675443,2058.64
0.62,0.34,0.69,0.38,1770422677647,2059.0
0.62,0.31,0.69,0.38,1770422677648,2059.0
0.62,0.31,0.67,0.38,1770422677677,2059.0
0.62,0.33,0.67,0.38,1770422677703,2059.0
0.63,0.33,0.67,0.38,1770422677818,2059.0
0.63,0.33,0.67,0.37,1770422678618,2059.32
0.63,0.33,0.69,0.37,1770422683682,2059.32
0.63,0.25,0.69,0.37,1770422683686,2059.32
0.63,0.25,0.68,0.37,1770422683712,2059.32
0.63,0.32,0.68,0.37,1770422683725,2059.32
0.63,0.32,0.75,0.37,1770422686555,2059.65
0.63,0.25,0.75,0.37,1770422686557,2059.65
0.63,0.32,0.75,0.37,1770422686583,2059.65
0.63,0.32,0.66,0.37,1770422686605,2059.65
0.6,0.34,0.66,0.37,1770422686627,2059.65
0.61,0.34,0.66,0.4,1770422686678,2059.65
0.62,0.34,0.66,0.39,1770422686687,2059.65
0.62,0.34,0.66,0.38,1770422686698,2059.65
0.62,0.34,0.75,0.38,1770422687786,2058.82
0.62,0.25,0.75,0.38,1770422687787,2058.82
0.62,0.25,0.65,0.38,1770422687812,2058.82
0.62,0.35,0.65,0.38,1770422687869,2058.82
0.58,0.35,0.65,0.38,1770422691146,2058.55
0.58,0.35,0.65,0.42,1770422691162,2058.55
0.59,0.35,0.65,0.42,1770422691219,2058.55
0.59,0.35,0.65,0.41,1770422691247,2058.55
0.47,0.35,0.65,0.41,1770422691736,2058.55
0.58,0.35,0.65,0.53,1770422691741,2058.55
0.6,0.35,0.65,0.42,1770422691773,2058.55
0.6,0.35,0.66,0.4,1770422692416,2058.2
0.6,0.34,0.64,0.4,1770422692444,2058.2
0.6,0.36,0.64,0.4,1770422692776,2058.2
0.6,0.36,0.65,0.4,1770422694355,2057.73
0.6,0.35,0.63,0.4,1770422694388,2057.73
0.6,0.37,0.63,0.4,1770422694984,2057.73
0.56,0.37,0.63,0.4,1770422695010,2057.73
0.47,0.37,0.63,0.44,1770422695085,2057.73
0.55,0.32,0.68,0.53,1770422695086,2057.73
0.57,0.32,0.68,0.45,1770422695091,2057.73
0.57,0.32,0.68,0.43,1770422695092,2057.73
0.57,0.32,0.61,0.43,1770422695110,2057.73
0.57,0.39,0.61,0.43,1770422695159,2057.73
0.57,0.39,0.62,0.43,1770422698267,2056.93
0.57,0.38,0.6,0.43,1770422698309,2056.93
0.57,0.4,0.6,0.43,1770422698310,2056.93
0.53,0.4,0.6,0.43,1770422700384,2056.92
0.53,0.4,0.64,0.47,1770422700427,2056.92
0.54,0.36,0.64,0.47,1770422700445,2056.92
0.54,0.36,0.59,0.46,1770422700468,2056.92
0.54,0.41,0.59,0.46,1770422700488,2056.92
0.53,0.41,0.59,0.46,1770422701966,2056.63
0.55,0.41,0.59,0.47,1770422702014,2056.63
0.55,0.41,0.59,0.45,1770422702015,2056.63
0.56,0.41,0.59,0.45,1770422702792,2056.4
0.56,0.41,0.63,0.44,1770422702800,2056.4
0.56,0.37,0.63,0.44,1770422702824,2056.4
0.56,0.37,0.61,0.44,1770422702831,2056.4
0.57,0.39,0.61,0.44,1770422702898,2056.4
0.57,0.39,0.61,0.43,1770422702977,2056.4
0.57,0.39,0.64,0.43,1770422703476,2057.21
0.57,0.38,0.64,0.43,1770422703493,2057.21
0.57,0.38,0.62,0.43,1770422703506,2057.21
0.57,0.38,0.6,0.43,1770422703521,2057.21
0.57,0.4,0.6,0.43,1770422703597,2057.21
0.57,0.4,0.64,0.43,1770422704158,2057.21
0.54,0.36,0.64,0.43,1770422704169,2057.21
0.54,0.36,0.59,0.46,1770422704192,2057.21
0.54,0.41,0.59,0.46,1770422704204,2057.21
0.55,0.41,0.59,0.46,1770422704252,2057.21
0.55,0.41,0.59,0.45,1770422704424,2056.93
0.55,0.41,0.63,0.45,1770422706715,2056.84
0.55,0.37,0.61,0.45,1770422706758,2056.84
0.56,0.39,0.61,0.45,1770422706780,2056.84
0.56,0.39,0.61,0.44,1770422707250,2056.92
0.54,0.39,0.61,0.44,1770422708105,2056.92
0.57,0.39,0.61,0.45,1770422708114,2056.92
0.57,0.39,0.61,0.43,1770422708544,2057.15
0.57,0.39,0.62,0.43,1770422708708,2057.15
0.57,0.38,0.6,0.43,1770422708749,2057.15
0.57,0.4,0.6,0.43,1770422708750,2057.15
0.53,0.4,0.6,0.43,1770422717963,2056.76
0.53,0.4,0.6,0.47,1770422717966,2056.76
0.53,0.4,0.62,0.47,1770422717976,2056.76
0.53,0.39,0.62,0.47,1770422717998,2056.76
0.53,0.39,0.58,0.47,1770422718006,2056.76
0.53,0.42,0.58,0.47,1770422718025,2056.76
0.52,0.42,0.58,0.47,1770422719682,2056.07
0.52,0.42,0.58,0.48,1770422719698,2056.07
0.51,0.42,0.58,0.48,1770422719971,2056.07
0.51,0.42,0.58,0.49,1770422719979,2056.07
0.52,0.42,0.58,0.49,1770422721663,2055.13
0.52,0.42,0.58,0.48,1770422722013,2055.13
0.49,0.42,0.58,0.48,1770422724539,2055.7
0.51,0.42,0.58,0.51,1770422724563,2055.7
0.51,0.42,0.58,0.49,1770422724583,2055.7
0.53,0.42,0.58,0.49,1770422724605,2055.7
0.53,0.42,0.58,0.47,1770422724606,2055.7
0.5,0.42,0.58,0.47,1770422732151,2055.7
0.52,0.42,0.58,0.5,1770422732190,2055.7
0.52,0.42,0.58,0.48,1770422733104,2055.61
0.5,0.42,0.58,0.48,1770422733230,2055.61
0.5,0.42,0.58,0.5,1770422733386,2055.4
0.5,0.43,0.58,0.5,1770422734154,2055.4
0.5,0.43,0.57,0.5,1770422734180,2055.4
0.49,0.43,0.57,0.5,1770422734297,2054.77
0.49,0.43,0.57,0.51,1770422734463,2054.77
0.5,0.43,0.57,0.51,1770422735626,2054.57
0.5,0.43,0.57,0.5,1770422735689,2054.57
0.48,0.43,0.57,0.5,1770422741336,2054.91
0.48,0.42,0.57,0.52,1770422741355,2054.91
0.48,0.42,0.58,0.52,1770422741385,2054.91
0.48,0.43,0.58,0.52,1770422741437,2054.91
0.48,0.42,0.57,0.52,1770422741468,2054.91
0.48,0.42,0.58,0.52,1770422741469,2054.91
0.48,0.43,0.58,0.52,1770422741522,2054.91
0.48,0.43,0.57,0.52,1770422741523,2054.91
0.49,0.43,0.57,0.52,1770422742483,2054.52
0.49,0.43,0.57,0.51,1770422742484,2054.52
0.5,0.43,0.57,0.51,1770422742589,2054.52
0.5,0.43,0.57,0.5,1770422742590,2054.52
0.48,0.43,0.57,0.5,1770422744507,2054.99
0.49,0.43,0.57,0.52,1770422744539,2054.99
0.49,0.43,0.57,0.51,1770422744553,2054.99
0.5,0.43,0.57,0.51,1770422744571,2054.99
0.49,0.43,0.57,0.5,1770422744596,2054.99
0.49,0.43,0.57,0.51,1770422744767,2054.99
0.5,0.43,0.57,0.51,1770422744774,2054.99
0.5,0.43,0.57,0.5,1770422744777,2054.99
0.51,0.43,0.57,0.5,1770422744914,2054.99
0.51,0.43,0.57,0.49,1770422744915,2054.99
0.51,0.42,0.57,0.49,1770422745798,2055.15
0.51,0.42,0.58,0.49,1770422745850,2055.15
0.5,0.42,0.58,0.49,1770422745984,2055.15
0.51,0.42,0.58,0.5,1770422746046,2055.15
0.51,0.42,0.58,0.49,1770422746467,2055.4
0.49,0.42,0.58,0.49,1770422750580,2055.4
0.5,0.42,0.58,0.51,1770422750581,2055.4
0.51,0.42,0.58,0.5,1770422750703,2055.4
0.51,0.42,0.58,0.49,1770422750705,2055.4
0.52,0.42,0.58,0.49,1770422750968,2055.4
0.52,0.42,0.58,0.48,1770422750969,2055.4
0.5,0.42,0.58,0.48,1770422753926,2055.47
0.5,0.42,0.58,0.5,1770422754096,2055.47
0.5,0.43,0.58,0.5,1770422755717,2054.8
0.5,0.43,0.57,0.5,1770422755724,2054.8
0.48,0.43,0.57,0.5,1770422756239,2054.6
0.48,0.43,0.57,0.52,1770422756240,2054.6
0.49,0.43,0.57,0.52,1770422756283,2054.6
0.49,0.42,0.57,0.51,1770422756931,2054.6
0.49,0.43,0.58,0.51,1770422757015,2054.6
0.49,0.43,0.57,0.51,1770422757124,2054.6
0.48,0.43,0.57,0.51,1770422757129,2054.6
0.48,0.43,0.57,0.52,1770422757130,2054.6
0.48,0.42,0.58,0.52,1770422757167,2054.6
0.48,0.43,0.58,0.52,1770422757285,2054.49
0.48,0.43,0.57,0.52,1770422757986,2054.49
0.48,0.42,0.57,0.52,1770422758005,2054.49
0.48,0.42,0.58,0.52,1770422758006,2054.49
0.48,0.44,0.58,0.52,1770422758046,2054.49
0.48,0.42,0.56,0.52,1770422758102,2054.49
0.48,0.42,0.58,0.52,1770422758119,2054.49
0.48,0.45,0.58,0.52,1770422758144,2054.49
0.47,0.45,0.55,0.52,1770422758245,2054.18
0.47,0.45,0.55,0.53,1770422758246,2054.18
0.46,0.45,0.55,0.53,1770422762319,2054.11
0.48,0.45,0.55,0.54,1770422762320,2054.11
0.48,0.45,0.55,0.52,1770422762371,2054.11
0.46,0.45,0.55,0.52,1770422762479,2054.11
0.47,0.45,0.55,0.54,1770422762480,2054.11
0.49,0.45,0.55,0.53,1770422762496,2054.11
0.47,0.45,0.55,0.51,1770422763293,2054.53
0.48,0.45,0.55,0.53,1770422763413,2054.53
0.48,0.45,0.55,0.52,1770422763479,2054.53
0.49,0.45,0.55,0.52,1770422764133,2054.53
0.49,0.45,0.55,0.51,1770422765205,2054.69
0.49,0.43,0.55,0.51,1770422767044,2054.68
0.49,0.43,0.57,0.51,1770422767045,2054.68
0.5,0.43,0.57,0.51,1770422767110,2054.68
0.5,0.43,0.57,0.5,1770422767164,2054.68
0.51,0.43,0.57,0.5,1770422768626,2055.0
0.51,0.43,0.57,0.49,1770422768648,2055.0
0.52,0.43,0.57,0.49,1770422768724,2055.0
0.52,0.43,0.57,0.48,1770422769038,2055.0
0.49,0.43,0.57,0.48,1770422769740,2055.46
0.51,0.43,0.57,0.51,1770422769771,2055.46
0.51,0.43,0.57,0.49,1770422770488,2055.21
0.49,0.43,0.57,0.49,1770422773946,2055.08
0.5,0.43,0.57,0.51,1770422773960,2055.08
0.52,0.43,0.57,0.5,1770422773988,2055.08
0.52,0.43,0.57,0.48,1770422774381,2055.47
0.49,0.43,0.57,0.48,1770422774566,2055.47
0.5,0.43,0.57,0.51,1770422774619,2055.47
0.5,0.43,0.57,0.5,1770422774620,2055.47
0.49,0.43,0.57,0.5,1770422776621,2055.04
0.49,0.43,0.57,0.51,1770422776642,2055.04
0.49,0.42,0.57,0.51,1770422776647,2055.04
0.49,0.42,0.58,0.51,1770422776656,2055.04
0.49,0.45,0.58,0.51,1770422776702,2055.04
0.49,0.45,0.55,0.51,1770422776703,2055.04
0.49,0.42,0.55,0.51,1770422776817,2055.04
0.47,0.42,0.58,0.51,1770422776869,2055.04
0.47,0.42,0.58,0.53,1770422776870,2055.04
0.47,0.45,0.58,0.53,1770422776886,2055.04
0.47,0.45,0.55,0.53,1770422776897,2055.04
0.46,0.45,0.55,0.53,1770422777310,2054.16
0.46,0.45,0.55,0.54,1770422777323,2054.16
0.47,0.45,0.55,0.54,1770422777327,2054.16
0.47,0.45,0.55,0.53,1770422777700,2054.16
0.46,0.45,0.55,0.53,1770422777827,2054.16
0.46,0.45,0.55,0.54,1770422777828,2054.16
0.47,0.45,0.55,0.54,1770422777904,2054.16
0.47,0.45,0.55,0.53,1770422777908,2054.16
0.46,0.45,0.55,0.53,1770422777960,2054.16
0.46,0.45,0.55,0.54,1770422777961,2054.16
0.47,0.45,0.55,0.54,1770422778022,2054.16
0.47,0.45,0.55,0.53,1770422778669,2054.16
0.48,0.45,0.55,0.53,1770422778878,2054.16
0.48,0.45,0.55,0.52,1770422778964,2054.16
0.46,0.45,0.55,0.52,1770422780358,2054.17
0.49,0.45,0.55,0.54,1770422780359,2054.17
0.49,0.45,0.55,0.51,1770422780361,2054.17
0.46,0.45,0.55,0.51,1770422780881,2054.17
0.48,0.45,0.55,0.54,1770422780918,2054.17
0.48,0.45,0.55,0.52,1770422781069,2054.17
0.49,0.45,0.55,0.52,1770422781251,2054.17
0.49,0.45,0.55,0.51,1770422781524,2054.63
0.46,0.45,0.55,0.51,1770422785989,2054.47
0.46,0.45,0.55,0.54,1770422785994,2054.47
0.46,0.43,0.55,0.54,1770422786009,2054.47
0.46,0.43,0.57,0.54,1770422786040,2054.47
0.46,0.46,0.57,0.54,1770422786093,2054.47
0.46,0.46,0.54,0.54,1770422786158,2054.47
0.46,0.43,0.54,0.54,1770422786636,2053.63
0.46,0.47,0.57,0.54,1770422786708,2053.63
0.46,0.47,0.53,0.54,1770422786970,2053.63
0.47,0.47,0.53,0.54,1770422787345,2053.73
0.47,0.47,0.53,0.53,1770422787346,2053.73
0.47,0.45,0.53,0.53,1770422790403,2054.09
0.47,0.45,0.55,0.53,1770422790434,2054.09
0.48,0.46,0.54,0.53,1770422790435,2054.09
0.48,0.46,0.54,0.52,1770422790444,2054.09
0.49,0.46,0.54,0.52,1770422790481,2054.09
0.49,0.46,0.54,0.51,1770422790606,2054.09
0.46,0.46,0.54,0.51,1770422792076,2054.57
0.46,0.46,0.54,0.54,1770422792083,2054.57
0.47,0.46,0.54,0.54,1770422793356,2053.81
0.47,0.46,0.54,0.53,1770422793505,2053.81
0.46,0.46,0.54,0.53,1770422793516,2053.81
0.46,0.46,0.54,0.54,1770422793565,2053.81
0.47,0.46,0.54,0.54,1770422794032,2053.81
0.47,0.46,0.54,0.53,1770422794033,2053.81
0.46,0.46,0.54,0.53,1770422794270,2054.24
0.46,0.45,0.54,0.54,1770422794284,2054.24
0.46,0.45,0.55,0.54,1770422794312,2054.24
0.46,0.47,0.55,0.54,1770422794377,2054.24
0.46,0.47,0.53,0.54,1770422794500,2054.24
0.46,0.45,0.53,0.54,1770422795202,2054.24
0.46,0.48,0.55,0.54,1770422795239,2054.24
0.46,0.48,0.52,0.54,1770422795374,2053.46
0.46,0.49,0.52,0.54,1770422801060,2053.16
0.46,0.49,0.51,0.54,1770422801063,2053.16
0.46,0.48,0.51,0.54,1770422801759,2052.63
0.46,0.48,0.52,0.54,1770422801852,2052.63
0.46,0.49,0.52,0.54,1770422801901,2052.63
0.46,0.49,0.51,0.54,1770422801908,2052.63
0.46,0.48,0.51,0.54,1770422802042,2052.63
0.46,0.48,0.52,0.54,1770422802043,2052.63
0.46,0.5,0.52,0.54,1770422802083,2052.63
0.46,0.5,0.5,0.54,1770422802134,2052.63
0.46,0.48,0.5,0.54,1770422803935,2053.13
0.46,0.48,0.52,0.54,1770422803943,2053.13
0.46,0.52,0.52,0.54,1770422804119,2053.13
0.46,0.52,0.48,0.54,1770422804120,2053.13
0.46,0.48,0.48,0.54,1770422804542,2052.02
0.46,0.48,0.52,0.54,1770422804554,2052.02
0.47,0.48,0.52,0.54,1770422805225,2052.02
0.47,0.48,0.52,0.53,1770422805243,2052.02
0.46,0.48,0.52,0.53,1770422805257,2052.02
0.46,0.48,0.52,0.54,1770422805258,2052.02
0.47,0.48,0.52,0.54,1770422805284,2053.5
0.47,0.48,0.52,0.53,1770422805325,2053.5
0.48,0.48,0.52,0.53,1770422805710,2053.5
0.48,0.48,0.52,0.52,1770422805716,2053.5
0.49,0.48,0.52,0.52,1770422805745,2053.5
0.49,0.48,0.52,0.51,1770422805746,2053.5
0.5,0.48,0.52,0.51,1770422805773,2053.5
0.5,0.48,0.52,0.5,1770422805775,2053.5
0.46,0.48,0.52,0.5,1770422805874,2053.5
0.51,0.48,0.52,0.54,1770422805876,2053.5
0.51,0.48,0.52,0.49,1770422805891,2053.5
0.51,0.46,0.52,0.49,1770422805897,2053.5
0.51,0.46,0.54,0.49,1770422805898,2053.5
0.46,0.46,0.54,0.49,1770422806012,2053.5
0.46,0.46,0.54,0.54,1770422806023,2053.5
0.46,0.47,0.54,0.54,1770422806109,2053.5
0.46,0.47,0.53,0.54,1770422806110,2053.5
0.47,0.47,0.53,0.54,1770422806196,2053.5
0.47,0.47,0.53,0.53,1770422806205,2053.5
0.46,0.47,0.53,0.53,1770422806258,2053.5
0.48,0.47,0.53,0.52,1770422806279,2054.06
0.48,0.46,0.53,0.52,1770422806284,2054.06
0.48,0.46,0.54,0.52,1770422806285,2054.06
0.49,0.46,0.54,0.52,1770422806305,2054.06
0.49,0.46,0.54,0.51,1770422806328,2054.06
0.46,0.46,0.54,0.51,1770422806344,2054.06
0.47,0.46,0.54,0.54,1770422806369,2054.06
0.49,0.46,0.54,0.53,1770422806375,2054.06
0.49,0.46,0.54,0.51,1770422806376,2054.06
0.47,0.46,0.54,0.51,1770422806525,2054.06
0.46,0.46,0.54,0.53,1770422806526,2054.06
0.48,0.46,0.54,0.54,1770422806564,2054.06
0.48,0.46,0.54,0.52,1770422806565,2054.06
0.46,0.46,0.54,0.52,1770422806703,2054.06
0.46,0.46,0.54,0.54,1770422806718,2054.06
0.47,0.46,0.54,0.54,1770422806727,2054.06
0.47,0.46,0.54,0.53,1770422806748,2054.06
0.48,0.46,0.54,0.53,1770422806752,2054.06
0.48,0.46,0.54,0.52,1770422806756,2054.06
0.49,0.46,0.54,0.52,1770422806780,2054.06
0.49,0.46,0.54,0.51,1770422806781,2054.06
0.5,0.46,0.54,0.51,1770422806852,2054.06
0.5,0.46,0.54,0.5,1770422807041,2054.06
0.5,0.45,0.54,0.5,1770422807080,2054.06
0.5,0.45,0.55,0.5,1770422807086,2054.06
0.51,0.45,0.55,0.5,1770422807365,2055.07
0.51,0.45,0.55,0.49,1770422807367,2055.07
0.48,0.45,0.55,0.49,1770422807399,2055.07
0.48,0.45,0.55,0.52,1770422807400,2055.07
0.49,0.45,0.55,0.52,1770422807492,2055.07
0.49,0.45,0.55,0.51,1770422807728,2055.07
0.49,0.44,0.55,0.51,1770422807787,2055.07
0.49,0.44,0.56,0.51,1770422807804,2055.07
0.5,0.44,0.56,0.51,1770422807864,2055.07
0.5,0.44,0.56,0.5,1770422808029,2055.07
0.48,0.44,0.56,0.5,1770422808134,2055.07
0.47,0.44,0.56,0.52,1770422808138,2055.07
0.46,0.44,0.56,0.53,1770422808210,2055.07
0.48,0.44,0.56,0.54,1770422808211,2054.79
0.49,0.44,0.56,0.52,1770422808222,2054.79
0.49,0.44,0.56,0.51,1770422808249,2054.79
0.47,0.44,0.56,0.51,1770422808323,2054.79
0.48,0.44,0.56,0.53,1770422808364,2054.79
0.48,0.44,0.56,0.52,1770422808398,2054.79
0.48,0.45,0.56,0.52,1770422808455,2054.79
0.48,0.45,0.55,0.52,1770422808488,2054.79
0.46,0.45,0.55,0.52,1770422808502,2054.79
0.46,0.44,0.55,0.54,1770422808504,2054.79
0.46,0.44,0.56,0.54,1770422808518,2054.79
0.46,0.47,0.56,0.54,1770422808638,2054.79
0.46,0.47,0.53,0.54,1770422808767,2054.79
0.47,0.47,0.53,0.54,1770422809007,2054.79
0.47,0.47,0.53,0.53,1770422809008,2054.79
0.47,0.44,0.53,0.53,1770422809171,2054.79
0.47,0.48,0.56,0.53,1770422809205,2054.79
0.47,0.48,0.52,0.53,1770422809859,2053.3
0.47,0.44,0.52,0.53,1770422809862,2053.3
0.47,0.44,0.56,0.53,1770422809863,2053.3
0.47,0.49,0.56,0.53,1770422809988,2053.3
0.46,0.49,0.51,0.53,1770422810203,2053.3
0.46,0.49,0.51,0.54,1770422810304,2052.97
0.46,0.44,0.51,0.54,1770422811428,2052.95
0.46,0.44,0.56,0.54,1770422811456,2052.95
0.46,0.5,0.56,0.54,1770422811505,2052.95
0.46,0.5,0.5,0.54,1770422811550,2052.95
0.46,0.46,0.5,0.54,1770422814693,2053.03
0.46,0.46,0.54,0.54,1770422814694,2053.03
0.46,0.48,0.54,0.54,1770422814758,2053.03
0.46,0.48,0.52,0.54,1770422814814,2053.03
0.46,0.46,0.52,0.54,1770422819646,2052.99
0.46,0.46,0.54,0.54,1770422819690,2052.99
0.46,0.49,0.54,0.54,1770422819753,2052.99
0.46,0.49,0.51,0.54,1770422819754,2052.99
0.46,0.46,0.51,0.54,1770422821959,2053.11
0.46,0.47,0.54,0.54,1770422822020,2053.11
0.46,0.47,0.53,0.54,1770422822159,2053.11
0.46,0.46,0.53,0.54,1770422822353,2054.17
0.46,0.46,0.54,0.54,1770422822354,2054.17
0.47,0.46,0.54,0.54,1770422822441,2054.17
0.47,0.46,0.54,0.53,1770422822615,2054.17
0.46,0.46,0.54,0.53,1770422822852,2054.17
0.47,0.46,0.54,0.54,1770422822930,2054.17
0.46,0.46,0.54,0.53,1770422822976,2054.17
0.48,0.46,0.54,0.54,1770422823019,2054.17
0.48,0.46,0.54,0.52,1770422823050,2054.17
0.46,0.46,0.54,0.52,1770422825035,2054.65
0.46,0.46,0.54,0.54,1770422825042,2054.65
0.49,0.46,0.54,0.54,1770422825094,2054.65
0.49,0.46,0.54,0.51,1770422825120,2054.65
0.49,0.45,0.54,0.51,1770422825564,2055.17
0.49,0.45,0.55,0.51,1770422825759,2055.17
0.46,0.45,0.55,0.51,1770422825760,2055.17
0.5,0.45,0.55,0.54,1770422825829,2055.17
0.5,0.45,0.55,0.5,1770422825830,2055.17
0.5,0.44,0.55,0.5,1770422826128,2055.17
0.5,0.44,0.56,0.5,1770422826135,2055.17
0.46,0.44,0.56,0.5,1770422828951,2055.32
0.51,0.44,0.56,0.54,1770422829061,2055.32
0.51,0.44,0.56,0.49,1770422829102,2055.32
0.46,0.44,0.56,0.49,1770422829259,2055.95
0.52,0.44,0.56,0.54,1770422829315,2055.95
0.52,0.44,0.56,0.48,1770422829316,2055.95
0.52,0.43,0.56,0.48,1770422829539,2055.95
0.52,0.43,0.57,0.48,1770422829759,2055.95
0.52,0.42,0.57,0.48,1770422829862,2055.95
0.46,0.42,0.58,0.48,1770422829955,2055.95
0.53,0.42,0.58,0.54,1770422829989,2055.95
0.53,0.42,0.58,0.47,1770422830189,2055.95
0.49,0.42,0.58,0.47,1770422830793,2056.15
0.54,0.42,0.58,0.51,1770422830839,2056.15
0.54,0.42,0.58,0.46,1770422830840,2056.15
0.49,0.42,0.58,0.46,1770422831811,2056.63
0.49,0.42,0.59,0.51,1770422831828,2056.63
0.49,0.41,0.59,0.51,1770422831850,2056.63
0.55,0.41,0.59,0.51,1770422831891,2056.63
0.55,0.41,0.59,0.45,1770422831917,2056.63
0.49,0.41,0.59,0.45,1770422832252,2056.63
0.49,0.41,0.59,0.51,1770422832299,2057.11
0.49,0.4,0.59,0.51,1770422832303,2057.11
0.49,0.4,0.6,0.51,1770422832304,2057.11
0.56,0.4,0.6,0.51,1770422832359,2057.11
0.56,0.4,0.6,0.44,1770422832386,2057.11
0.56,0.39,0.6,0.44,1770422832696,2057.11
0.49,0.39,0.61,0.44,1770422832776,2057.11
0.57,0.39,0.61,0.51,1770422832831,2057.11
0.57,0.39,0.61,0.43,1770422832943,2057.11
0.57,0.39,0.62,0.43,1770422833836,2057.66
0.49,0.38,0.62,0.43,1770422833850,2057.66
0.49,0.38,0.62,0.51,1770422833870,2057.66
0.58,0.38,0.62,0.51,1770422833898,2057.66
0.58,0.38,0.62,0.42,1770422833907,2057.66
0.58,0.37,0.62,0.42,1770422834115,2057.66
0.58,0.37,0.63,0.42,1770422834351,2057.92
0.58,0.37,0.64,0.42,1770422834505,2057.92
0.58,0.36,0.64,0.42,1770422834535,2057.92
0.58,0.36,0.62,0.42,1770422834541,2057.92
0.58,0.38,0.62,0.42,1770422834577,2057.92
0.58,0.38,0.64,0.42,1770422835882,2057.68
0.58,0.36,0.61,0.42,1770422835924,2057.68
0.58,0.39,0.61,0.42,1770422835925,2057.68
0.54,0.39,0.61,0.42,1770422836012,2057.68
0.54,0.39,0.61,0.46,1770422836016,2057.68
0.54,0.39,0.64,0.46,1770422836029,2057.68
0.54,0.36,0.6,0.46,1770422836057,2057.68
0.54,0.4,0.6,0.46,1770422836219,2057.68
0.56,0.4,0.6,0.46,1770422837953,2056.81
0.56,0.4,0.64,0.44,1770422837980,2056.81
0.54,0.36,0.64,0.44,1770422838007,2056.81
0.54,0.36,0.64,0.46,1770422838022,2056.81
0.54,0.36,0.62,0.46,1770422838043,2056.81
0.54,0.38,0.62,0.46,1770422838046,2056.81
0.54,0.38,0.64,0.46,1770422838065,2056.81
0.55,0.36,0.64,0.46,1770422838086,2056.81
0.55,0.36,0.64,0.45,1770422838131,2056.81
0.55,0.36,0.61,0.45,1770422838188,2056.81
0.54,0.39,0.61,0.45,1770422838254,2057.49
0.54,0.39,0.61,0.46,1770422838255,2057.49
0.56,0.39,0.61,0.46,1770422838362,2057.49
0.56,0.39,0.61,0.44,1770422838509,2057.49
0.54,0.39,0.61,0.44,1770422841179,2057.53
0.54,0.38,0.62,0.46,1770422841180,2057.53
0.57,0.38,0.62,0.46,1770422841213,2057.53
0.57,0.38,0.62,0.43,1770422841313,2057.52
0.54,0.38,0.62,0.43,1770422841322,2057.52
0.54,0.38,0.62,0.46,1770422841347,2057.52
0.58,0.38,0.62,0.46,1770422841360,2057.52
0.58,0.38,0.62,0.42,1770422841459,2057.52
0.58,0.38,0.63,0.42,1770422842578,2057.83
0.58,0.37,0.63,0.42,1770422842619,2057.83
0.58,0.37,0.64,0.42,1770422843435,2058.08
0.58,0.36,0.64,0.42,1770422843439,2058.08
0.58,0.36,0.62,0.42,1770422843476,2058.08
0.58,0.38,0.62,0.42,1770422843477,2058.08
0.58,0.38,0.63,0.42,1770422844318,2057.47
0.58,0.37,0.63,0.42,1770422844319,2057.47
0.58,0.37,0.61,0.42,1770422844358,2057.47
0.58,0.39,0.61,0.42,1770422844363,2057.47
0.54,0.39,0.61,0.42,1770422846143,2057.39
0.56,0.39,0.61,0.46,1770422846177,2057.39
0.56,0.39,0.64,0.44,1770422846207,2057.39
0.56,0.38,0.64,0.44,1770422846216,2057.39
0.56,0.38,0.6,0.44,1770422846231,2057.39
0.56,0.4,0.6,0.44,1770422846423,2057.39
0.56,0.4,0.61,0.44,1770422849048,2056.88
0.56,0.36,0.61,0.44,1770422849061,2056.88
0.53,0.36,0.64,0.44,1770422849065,2056.88
0.53,0.36,0.58,0.47,1770422849081,2056.88
0.53,0.42,0.58,0.47,1770422849082,2056.88
0.54,0.42,0.58,0.47,1770422849129,2056.88
0.54,0.42,0.58,0.46,1770422849229,2056.88
0.54,0.42,0.64,0.46,1770422849510,2056.44
0.54,0.36,0.57,0.46,1770422849536,2056.44
0.54,0.43,0.57,0.46,1770422849556,2056.44
0.51,0.43,0.57,0.46,1770422850141,2056.44
0.51,0.43,0.57,0.49,1770422850158,2056.44
0.52,0.43,0.57,0.49,1770422850210,2056.44
0.52,0.43,0.57,0.48,1770422850370,2056.13
0.5,0.43,0.57,0.48,1770422850630,2056.13
0.5,0.43,0.57,0.5,1770422850631,2056.13
0.53,0.43,0.57,0.5,1770422850670,2056.13
0.53,0.43,0.57,0.47,1770422852612,2056.29
0.5,0.43,0.57,0.47,1770422854556,2055.81
0.5,0.43,0.57,0.5,1770422854613,2055.81
0.49,0.43,0.57,0.5,1770422857177,2055.57
0.49,0.43,0.57,0.51,1770422857178,2055.57
0.49,0.44,0.57,0.51,1770422857774,2055.27
0.47,0.44,0.56,0.51,1770422857963,2055.27
0.47,0.44,0.56,0.53,1770422858037,2055.27
0.46,0.44,0.56,0.53,1770422860454,2054.77
0.48,0.44,0.56,0.54,1770422860489,2054.77
0.48,0.44,0.56,0.52,1770422861717,2054.98
0.48,0.43,0.56,0.52,1770422863278,2054.47
0.48,0.45,0.57,0.52,1770422863455,2054.47
0.48,0.45,0.55,0.52,1770422863595,2054.47
0.46,0.45,0.55,0.52,1770422863661,2054.47
0.46,0.45,0.55,0.54,1770422863738,2054.47
0.46,0.43,0.55,0.54,1770422864123,2054.47
0.46,0.43,0.57,0.54,1770422864158,2054.47
0.46,0.46,0.57,0.54,1770422864178,2054.47
0.46,0.46,0.54,0.54,1770422864516,2054.2
0.46,0.43,0.54,0.54,1770422864682,2054.2
0.46,0.43,0.57,0.54,1770422864914,2054.2
0.46,0.47,0.57,0.54,1770422864916,2054.2
0.46,0.47,0.53,0.54,1770422864946,2054.2
0.46,0.43,0.53,0.54,1770422865098,2054.2
0.46,0.47,0.57,0.54,1770422865256,2053.58
0.46,0.43,0.53,0.54,1770422865363,2053.58
0.46,0.48,0.57,0.54,1770422865573,2053.58
0.46,0.48,0.52,0.54,1770422865621,2053.58
0.46,0.43,0.52,0.54,1770422866658,2053.58
0.46,0.43,0.57,0.54,1770422866704,2053.58
0.46,0.5,0.57,0.54,1770422866770,2053.58
0.46,0.5,0.5,0.54,1770422866814,2053.58
0.46,0.43,0.5,0.54,1770422866998,2053.58
0.46,0.43,0.57,0.54,1770422867022,2053.58
0.46,0.51,0.57,0.54,1770422867036,2053.58
0.46,0.51,0.49,0.54,1770422867084,2053.58
0.46,0.46,0.49,0.54,1770422868918,2053.0
0.46,0.46,0.54,0.54,1770422868978,2053.0
0.47,0.46,0.54,0.54,1770422874854,2054.29
0.47,0.46,0.54,0.53,1770422874899,2054.29
0.46,0.46,0.54,0.53,1770422875320,2055.05
0.48,0.46,0.54,0.54,1770422875385,2055.05
0.48,0.46,0.54,0.52,1770422875640,2055.05
0.46,0.46,0.54,0.52,1770422877510,2055.39
0.49,0.46,0.54,0.54,1770422877552,2055.39
0.49,0.46,0.54,0.51,1770422877710,2055.39
0.49,0.45,0.54,0.51,1770422877763,2055.39
0.49,0.45,0.55,0.51,1770422878120,2055.39
0.5,0.45,0.55,0.51,1770422879135,2055.28
0.5,0.45,0.55,0.5,1770422879162,2055.28
0.51,0.45,0.55,0.5,1770422879654,2055.39
0.51,0.45,0.55,0.49,1770422879713,2055.39
0.52,0.45,0.55,0.49,1770422879752,2055.39
0.52,0.44,0.55,0.48,1770422879840,2055.39
0.52,0.44,0.56,0.48,1770422879844,2055.39
0.53,0.44,0.56,0.48,1770422879951,2055.39
0.53,0.44,0.56,0.47,1770422879972,2055.39
0.53,0.43,0.56,0.47,1770422880157,2055.39
0.53,0.43,0.57,0.47,1770422880158,2055.39
0.5,0.43,0.57,0.47,1770422880721,2056.01
0.5,0.43,0.57,0.5,1770422880761,2056.01
0.51,0.43,0.57,0.5,1770422880773,2056.01
0.51,0.44,0.57,0.49,1770422880810,2056.01
0.51,0.44,0.56,0.49,1770422881082,2056.01
0.51,0.43,0.56,0.49,1770422881398,2055.26
0.51,0.43,0.57,0.49,1770422881432,2055.26
0.46,0.43,0.57,0.49,1770422881501,2055.26
0.47,0.43,0.57,0.54,1770422881535,2055.26
0.47,0.43,0.57,0.53,1770422881536,2055.26
0.52,0.43,0.57,0.53,1770422881564,2055.26
0.52,0.43,0.57,0.48,1770422881567,2055.26
0.46,0.43,0.57,0.48,1770422881970,2055.26
0.46,0.43,0.57,0.54,1770422881971,2055.26
0.53,0.43,0.57,0.54,1770422881973,2055.26
0.53,0.43,0.57,0.47,1770422881993,2055.26
0.51,0.43,0.57,0.47,1770422882185,2055.26
0.51,0.43,0.57,0.49,1770422882257,2056.0
0.52,0.43,0.57,0.49,1770422882423,2056.0
0.52,0.43,0.57,0.48,1770422882424,2056.0
0.53,0.43,0.57,0.48,1770422882544,2056.0
0.53,0.43,0.57,0.47,1770422882612,2056.0
0.51,0.43,0.57,0.47,1770422883270,2056.01
0.51,0.43,0.57,0.49,1770422883271,2056.01
0.5,0.43,0.57,0.49,1770422883274,2056.01
0.5,0.43,0.57,0.5,1770422883278,2056.01
0.51,0.43,0.57,0.5,1770422883622,2056.01
0.51,0.43,0.57,0.49,1770422883667,2056.01
0.51,0.44,0.57,0.49,1770422883670,2056.01
0.51,0.44,0.56,0.49,1770422883836,2056.01
0.51,0.45,0.56,0.49,1770422883996,2056.01
0.51,0.45,0.55,0.49,1770422885189,2055.09
0.51,0.43,0.55,0.49,1770422885272,2055.09
0.51,0.43,0.57,0.49,1770422885273,2055.09
0.51,0.44,0.57,0.49,1770422885326,2055.09
0.51,0.44,0.56,0.49,1770422885459,2055.09
0.51,0.43,0.56,0.49,1770422885501,2055.09
0.51,0.43,0.57,0.49,1770422885535,2055.09
0.52,0.43,0.57,0.49,1770422885603,2055.09
0.52,0.43,0.57,0.48,1770422885723,2055.09
0.46,0.43,0.57,0.48,1770422887535,2055.68
0.46,0.43,0.57,0.54,1770422887536,2055.68
0.51,0.43,0.57,0.54,1770422887547,2055.68
0.51,0.43,0.57,0.49,1770422887591,2055.68
0.52,0.43,0.57,0.49,1770422887692,2055.68
0.52,0.43,0.57,0.48,1770422887693,2055.68
0.46,0.43,0.57,0.48,1770422887727,2055.68
0.46,0.43,0.57,0.54,1770422887731,2055.68
0.46,0.44,0.57,0.54,1770422887765,2055.68
0.46,0.44,0.56,0.54,1770422887793,2055.68
0.46,0.43,0.56,0.54,1770422887852,2055.68
0.46,0.45,0.57,0.54,1770422887857,2055.68
0.45,0.45,0.55,0.54,1770422887860,2055.68
0.45,0.52,0.48,0.55,1770422887863,2055.68
0.45,0.45,0.48,0.55,1770422887909,2055.68
0.45,0.45,0.55,0.55,1770422887910,2055.68
0.44,0.45,0.55,0.55,1770422887925,2055.68
0.41,0.45,0.55,0.56,1770422887930,2055.68
0.41,0.45,0.55,0.59,1770422887958,2055.68
0.41,0.42,0.55,0.59,1770422887976,2055.68
0.41,0.46,0.58,0.59,1770422887980,2055.68
0.41,0.46,0.54,0.59,1770422887990,2055.68
0.41,0.46,0.45,0.59,1770422887999,2055.68
0.41,0.55,0.45,0.59,1770422888006,2055.68
0.35,0.55,0.45,0.59,1770422888055,2055.68
0.35,0.55,0.45,0.65,1770422888058,2055.68
0.35,0.56,0.44,0.65,1770422888076,2055.68
0.35,0.55,0.44,0.65,1770422888128,2055.68
0.35,0.57,0.45,0.65,1770422888133,2055.68
0.35,0.57,0.43,0.65,1770422888136,2055.68
0.36,0.57,0.43,0.65,1770422888164,2055.68
0.35,0.57,0.43,0.64,1770422888185,2055.68
0.35,0.58,0.43,0.65,1770422888212,2055.68
0.35,0.58,0.42,0.65,1770422888216,2055.68
0.35,0.57,0.42,0.65,1770422888329,2051.16
0.35,0.59,0.43,0.65,1770422888330,2051.16
0.35,0.59,0.41,0.65,1770422888331,2051.16
0.35,0.55,0.41,0.65,1770422888376,2051.16
0.35,0.6,0.45,0.65,1770422888387,2051.16
0.35,0.6,0.4,0.65,1770422888392,2051.16
0.35,0.61,0.4,0.65,1770422888677,2051.16
0.35,0.61,0.39,0.65,1770422888678,2051.16
0.34,0.61,0.39,0.65,1770422888803,2051.16
0.34,0.61,0.39,0.66,1770422888804,2051.16
0.34,0.62,0.39,0.66,1770422889077,2051.16
0.34,0.62,0.38,0.66,1770422889080,2051.16
0.34,0.61,0.38,0.66,1770422889099,2051.16
0.34,0.61,0.39,0.66,1770422889152,2051.16
0.34,0.62,0.39,0.66,1770422889235,2051.16
0.34,0.62,0.38,0.66,1770422889243,2049.4
0.34,0.61,0.38,0.66,1770422889252,2049.4
0.34,0.61,0.39,0.66,1770422889301,2049.4
0.33,0.61,0.39,0.66,1770422889339,2049.4
0.33,0.61,0.39,0.67,1770422889347,2049.4
0.32,0.61,0.39,0.67,1770422889787,2049.4
0.32,0.61,0.39,0.68,1770422890072,2049.4
0.32,0.62,0.39,0.68,1770422891149,2049.65
0.31,0.62,0.38,0.68,1770422891157,2049.65
0.24,0.62,0.38,0.69,1770422891167,2049.65
0.29,0.62,0.38,0.76,1770422891171,2049.65
0.29,0.62,0.38,0.71,1770422891197,2049.65
0.28,0.62,0.38,0.71,1770422891212,2049.65
0.28,0.63,0.38,0.72,1770422891220,2049.78
0.28,0.63,0.37,0.72,1770422891221,2049.78
0.24,0.63,0.37,0.72,1770422891225,2049.78
0.27,0.63,0.37,0.76,1770422891226,2049.78
0.27,0.63,0.37,0.73,1770422891233,2049.78
0.24,0.63,0.37,0.73,1770422891248,2049.78
0.25,0.63,0.37,0.76,1770422891250,2049.78
0.25,0.63,0.37,0.75,1770422891269,2049.78
0.26,0.63,0.37,0.75,1770422891276,2049.78
0.26,0.63,0.37,0.74,1770422891286,2049.78
0.28,0.64,0.37,0.72,1770422891300,2049.78
0.26,0.64,0.36,0.72,1770422891314,2049.78
0.24,0.64,0.36,0.74,1770422891337,2049.78
0.24,0.68,0.36,0.76,1770422891338,2049.78
0.25,0.68,0.32,0.76,1770422891358,2049.78
0.25,0.68,0.32,0.75,1770422891372,2049.78
0.24,0.68,0.32,0.75,1770422891412,2049.78
0.26,0.68,0.32,0.76,1770422891429,2049.78
0.27,0.68,0.32,0.74,1770422891454,2049.78
0.27,0.68,0.32,0.73,1770422891457,2049.78
0.16,0.68,0.32,0.73,1770422891497,2049.78
0.16,0.68,0.32,0.84,1770422891498,2049.78
0.25,0.68,0.32,0.84,1770422891517,2049.78
0.25,0.68,0.32,0.75,1770422891525,2049.78
0.26,0.68,0.32,0.75,1770422891543,2049.78
0.26,0.68,0.32,0.74,1770422891565,2049.78
0.25,0.68,0.32,0.74,1770422891566,2049.78
0.27,0.68,0.32,0.75,1770422891567,2049.78
0.27,0.68,0.32,0.73,1770422891716,2049.78
0.25,0.68,0.32,0.73,1770422891717,2049.78
0.28,0.68,0.32,0.72,1770422891735,2049.78
0.25,0.68,0.32,0.72,1770422891743,2049.78
0.26,0.68,0.32,0.75,1770422891744,2049.78
0.26,0.68,0.32,0.74,1770422891780,2049.78
0.27,0.68,0.32,0.74,1770422891795,2049.78
0.27,0.68,0.32,0.73,1770422891808,2049.78
0.28,0.68,0.32,0.73,1770422891821,2049.78
0.28,0.68,0.32,0.72,1770422891823,2049.78
0.28,0.63,0.32,0.72,1770422891837,2049.78
0.28,0.63,0.37,0.72,1770422891838,2049.78
0.29,0.63,0.37,0.72,1770422891864,2049.78
0.29,0.63,0.37,0.71,1770422891865,2049.78
0.29,0.55,0.37,0.71,1770422891872,2049.78
0.29,0.55,0.45,0.71,1770422891875,2049.78
0.29,0.56,0.45,0.71,1770422891899,2049.78
0.29,0.56,0.44,0.71,1770422891900,2049.78
0.3,0.56,0.44,0.71,1770422891901,2049.78
0.3,0.63,0.44,0.7,1770422891916,2049.78
0.3,0.63,0.37,0.7,1770422891937,2049.78
0.16,0.63,0.37,0.7,1770422891942,2049.78
0.16,0.63,0.37,0.84,1770422891948,2049.78
0.31,0.63,0.37,0.84,1770422891954,2049.78
0.31,0.63,0.37,0.69,1770422891965,2049.78
0.3,0.63,0.37,0.69,1770422892005,2049.78
0.3,0.63,0.37,0.7,1770422892021,2049.78
0.31,0.63,0.37,0.7,1770422892085,2049.78
0.31,0.63,0.37,0.69,1770422892099,2049.78
0.3,0.63,0.37,0.69,1770422892304,2049.34
0.3,0.63,0.37,0.7,1770422892339,2049.34
0.3,0.64,0.37,0.7,1770422892389,2049.34
0.3,0.64,0.36,0.7,1770422892405,2049.34
0.3,0.55,0.36,0.7,1770422892467,2049.34
0.3,0.55,0.45,0.7,1770422892468,2049.34
0.3,0.63,0.45,0.7,1770422892469,2049.34
0.3,0.63,0.37,0.7,1770422892470,2049.34
0.3,0.64,0.37,0.7,1770422892486,2049.34
0.3,0.64,0.36,0.7,1770422892655,2049.34
0.31,0.64,0.36,0.7,1770422892859,2049.34
0.31,0.64,0.36,0.69,1770422893025,2049.34
0.3,0.64,0.36,0.69,1770422893221,2049.34
0.32,0.64,0.36,0.7,1770422893222,2049.34
0.32,0.64,0.36,0.68,1770422893223,2049.34
0.31,0.64,0.36,0.68,1770422893333,2049.2
0.31,0.64,0.36,0.69,1770422893354,2049.2
0.3,0.64,0.36,0.69,1770422894052,2049.2
0.32,0.64,0.36,0.68,1770422894069,2049.2
0.3,0.64,0.36,0.68,1770422894085,2049.2
0.3,0.64,0.36,0.7,1770422894107,2049.2
0.31,0.64,0.36,0.7,1770422894108,2049.2
0.31,0.64,0.36,0.69,1770422894121,2049.2
0.3,0.64,0.36,0.69,1770422894140,2049.2
0.3,0.64,0.36,0.7,1770422894174,2049.2
0.3,0.64,0.35,0.7,1770422894237,2049.2
0.3,0.65,0.35,0.7,1770422894309,2049.2
0.31,0.65,0.35,0.7,1770422894342,2049.49
0.31,0.65,0.35,0.69,1770422894345,2049.49
0.31,0.65,0.92,0.69,1770422894354,2049.49
0.31,0.08,0.92,0.69,1770422894355,2049.49
0.31,0.63,0.92,0.69,1770422894376,2049.49
0.31,0.63,0.37,0.69,1770422894385,2049.49
0.29,0.63,0.37,0.69,1770422894607,2049.49
0.32,0.63,0.37,0.68,1770422894608,2049.49
0.3,0.63,0.37,0.68,1770422894632,2049.49
0.3,0.63,0.37,0.7,1770422894641,2049.49
0.29,0.63,0.37,0.7,1770422894654,2049.49
0.31,0.63,0.37,0.71,1770422894660,2049.49
0.31,0.63,0.37,0.69,1770422894661,2049.49
0.32,0.63,0.37,0.69,1770422894670,2049.49
0.32,0.63,0.37,0.68,1770422894696,2049.49
0.33,0.63,0.37,0.68,1770422894734,2049.49
0.33,0.63,0.37,0.67,1770422894744,2049.49
0.29,0.63,0.37,0.67,1770422895038,2049.49
0.32,0.63,0.37,0.68,1770422895040,2049.49
0.33,0.63,0.37,0.68,1770422895167,2049.49
0.33,0.63,0.37,0.67,1770422895168,2049.49
0.33,0.63,0.38,0.67,1770422895195,2049.49
0.33,0.62,0.38,0.67,1770422895196,2049.49
0.34,0.62,0.38,0.67,1770422895223,2049.49
0.34,0.62,0.38,0.66,1770422895240,2049.49
0.34,0.62,0.39,0.66,1770422895498,2049.79
0.34,0.61,0.39,0.66,1770422895531,2049.79
0.29,0.61,0.39,0.66,1770422896678,2050.21
0.29,0.61,0.39,0.71,1770422896680,2050.21
0.35,0.61,0.39,0.71,1770422896682,2050.21
0.35,0.61,0.39,0.65,1770422896687,2050.21
0.33,0.61,0.39,0.65,1770422896720,2050.21
0.33,0.61,0.39,0.67,1770422896755,2050.21
0.34,0.61,0.39,0.67,1770422896771,2050.21
0.34,0.61,0.39,0.66,1770422896772,2050.21
0.33,0.61,0.39,0.66,1770422897399,2050.2
0.33,0.61,0.39,0.67,1770422897536,2050.2
0.33,0.61,0.38,0.67,1770422897961,2050.2
0.33,0.62,0.38,0.67,1770422898092,2050.2
0.34,0.62,0.38,0.67,1770422898158,2050.2
0.34,0.62,0.38,0.66,1770422898159,2050.2
0.34,0.62,0.39,0.66,1770422898371,2049.9
0.34,0.61,0.39,0.66,1770422898404,2049.9
0.35,0.61,0.39,0.66,1770422898969,2049.9
0.35,0.61,0.39,0.65,1770422898975,2049.9
0.35,0.61,0.41,0.65,1770422899013,2049.9
0.35,0.59,0.41,0.65,1770422899014,2049.9
0.35,0.59,0.4,0.65,1770422899044,2049.9
0.35,0.6,0.4,0.65,1770422899062,2049.9
0.3,0.6,0.4,0.65,1770422899286,2050.44
0.3,0.6,0.4,0.7,1770422899287,2050.44
0.36,0.6,0.4,0.64,1770422899296,2050.44
0.36,0.6,0.41,0.64,1770422899758,2050.44
0.36,0.59,0.41,0.64,1770422899778,2050.44
0.37,0.59,0.41,0.64,1770422899779,2050.44
0.37,0.59,0.41,0.63,1770422899780,2050.44
0.36,0.59,0.41,0.63,1770422900023,2050.44
0.36,0.6,0.4,0.64,1770422900024,2050.44
0.36,0.6,0.41,0.64,1770422900808,2050.98
0.36,0.59,0.41,0.64,1770422900858,2050.98
0.37,0.59,0.41,0.64,1770422901242,2050.98
0.37,0.59,0.41,0.63,1770422901244,2050.98
0.36,0.59,0.41,0.63,1770422901350,2050.98
0.36,0.59,0.41,0.64,1770422901357,2050.98
0.3,0.59,0.41,0.64,1770422901363,2050.98
0.35,0.59,0.41,0.7,1770422901383,2050.98
0.35,0.59,0.41,0.65,1770422901412,2050.98
0.35,0.59,0.4,0.65,1770422901907,2050.98
0.35,0.6,0.4,0.65,1770422901961,2050.98
0.36,0.6,0.4,0.65,1770422902751,2050.85
0.36,0.6,0.4,0.64,1770422902752,2050.85
0.35,0.6,0.4,0.64,1770422902771,2050.85
0.35,0.6,0.4,0.65,1770422902772,2050.85
0.36,0.6,0.4,0.65,1770422903196,2050.85
0.36,0.6,0.4,0.64,1770422903197,2050.85
0.37,0.6,0.4,0.64,1770422903787,2050.85
0.37,0.59,0.4,0.63,1770422903789,2050.85
0.37,0.59,0.41,0.63,1770422903790,2050.85
0.34,0.59,0.41,0.63,1770422903860,2050.85
0.38,0.59,0.41,0.66,1770422903864,2050.85
0.38,0.59,0.41,0.62,1770422903865,2050.85
0.38,0.58,0.41,0.62,1770422904578,2051.54
0.38,0.58,0.42,0.62,1770422904579,2051.54
0.39,0.58,0.42,0.62,1770422905082,2051.54
0.39,0.58,0.42,0.61,1770422905086,2051.54
0.39,0.58,0.58,0.61,1770422905089,2051.54
0.39,0.42,0.58,0.61,1770422905133,2051.54
0.39,0.42,0.44,0.61,1770422905138,2051.54
0.39,0.56,0.44,0.61,1770422905158,2051.54
0.4,0.56,0.44,0.61,1770422905163,2051.54
0.4,0.56,0.44,0.6,1770422905165,2051.54
0.39,0.56,0.44,0.6,1770422905186,2051.54
0.34,0.56,0.44,0.61,1770422905203,2051.54
0.35,0.56,0.44,0.66,1770422905246,2051.79
0.4,0.56,0.44,0.65,1770422905249,2051.79
0.4,0.56,0.44,0.6,1770422905263,2051.79
0.4,0.56,0.45,0.6,1770422905974,2051.79
0.4,0.43,0.45,0.6,1770422905979,2051.79
0.36,0.43,0.57,0.6,1770422905993,2051.79
0.41,0.43,0.57,0.64,1770422905996,2051.79
0.41,0.43,0.57,0.59,1770422906016,2051.79
0.41,0.43,0.45,0.59,1770422906026,2051.79
0.41,0.55,0.45,0.59,1770422906071,2051.79
0.42,0.55,0.45,0.59,1770422906436,2052.62
0.42,0.55,0.45,0.58,1770422906443,2052.62
0.42,0.55,0.47,0.58,1770422906472,2052.62
0.42,0.53,0.47,0.58,1770422906473,2052.62
0.42,0.43,0.47,0.58,1770422907008,2052.62
0.42,0.53,0.47,0.58,1770422907034,2052.62
0.43,0.53,0.47,0.58,1770422907044,2052.62
0.43,0.53,0.47,0.57,1770422907048,2052.62
0.44,0.53,0.47,0.57,1770422908455,2052.97
0.44,0.53,0.47,0.56,1770422908456,2052.97
0.45,0.53,0.47,0.56,1770422908705,2052.97
0.45,0.53,0.47,0.55,1770422908765,2052.97
0.46,0.53,0.47,0.55,1770422909554,2053.62
0.46,0.53,0.47,0.54,1770422909601,2053.62
0.44,0.53,0.47,0.54,1770422909913,2053.62
0.34,0.53,0.47,0.56,1770422909942,2053.62
0.34,0.53,0.47,0.66,1770422909943,2053.62
0.43,0.53,0.47,0.66,1770422909953,2053.62
0.43,0.53,0.47,0.57,1770422909954,2053.62
0.44,0.53,0.47,0.57,1770422910006,2053.62
0.44,0.53,0.47,0.56,1770422910033,2053.62
0.34,0.53,0.47,0.56,1770422910425,2053.48
0.45,0.53,0.47,0.66,1770422910426,2053.48
0.45,0.53,0.47,0.55,1770422910452,2053.48
0.45,0.53,0.57,0.55,1770422910502,2053.48
0.46,0.43,0.57,0.55,1770422910503,2053.48
0.46,0.43,0.57,0.54,1770422910504,2053.48
0.47,0.43,0.57,0.54,1770422910564,2053.48
0.47,0.44,0.57,0.53,1770422910573,2053.48
0.46,0.44,0.56,0.53,1770422910631,2053.48
0.48,0.44,0.56,0.54,1770422910635,2053.48
0.48,0.44,0.56,0.52,1770422910706,2053.48
0.47,0.44,0.56,0.52,1770422910712,2053.48
0.47,0.44,0.56,0.53,1770422910713,2053.48
0.34,0.44,0.56,0.53,1770422910791,2053.48
0.48,0.44,0.56,0.66,1770422910792,2053.48
0.48,0.44,0.56,0.52,1770422910800,2053.48
0.48,0.44,0.51,0.52,1770422910828,2053.48
0.48,0.49,0.51,0.52,1770422910869,2053.48
0.48,0.49,0.53,0.52,1770422911130,2053.48
0.48,0.47,0.52,0.52,1770422911156,2053.48
0.48,0.48,0.52,0.52,1770422911178,2053.48
0.49,0.48,0.52,0.52,1770422911669,2054.69
0.49,0.48,0.52,0.51,1770422911715,2054.69
0.47,0.48,0.52,0.51,1770422911747,2054.69
0.47,0.48,0.52,0.53,1770422911748,2054.69
0.48,0.48,0.52,0.53,1770422912270,2054.75
0.48,0.48,0.52,0.52,1770422913130,2054.75
0.47,0.48,0.52,0.52,1770422913136,2054.75
0.47,0.48,0.52,0.53,1770422913180,2054.75
0.46,0.48,0.52,0.54,1770422913194,2054.75
0.47,0.48,0.52,0.54,1770422914253,2054.58
