0.84,0.14,0.85,0.16,1770417197467,1.4798
0.84,0.14,0.86,0.16,1770417197468,1.4798
0.84,0.15,0.86,0.16,1770417197528,1.4798
0.84,0.15,0.85,0.16,1770417197532,1.4798
0.84,0.14,0.85,0.16,1770417197557,1.4798
0.84,0.14,0.86,0.16,1770417197560,1.4798
0.85,0.14,0.86,0.16,1770417197623,1.4798
0.85,0.14,0.86,0.15,1770417197624,1.4798
0.85,0.13,0.86,0.15,1770417197631,1.4798
0.85,0.13,0.87,0.15,1770417197638,1.4798
0.85,0.14,0.87,0.15,1770417197666,1.4798
0.85,0.14,0.86,0.15,1770417197668,1.4798
0.85,0.13,0.86,0.15,1770417197748,1.4798
0.85,0.13,0.87,0.15,1770417197755,1.4798
0.85,0.14,0.87,0.15,1770417197780,1.4798
0.85,0.14,0.86,0.15,1770417197785,1.4798
0.85,0.13,0.86,0.15,1770417197825,1.4798
0.85,0.13,0.87,0.15,1770417197826,1.4798
0.86,0.13,0.87,0.15,1770417197870,1.4798
0.86,0.13,0.87,0.14,1770417197871,1.4798
0.85,0.13,0.87,0.14,1770417199984,1.4804
0.85,0.13,0.87,0.15,1770417200010,1.4804
0.84,0.13,0.87,0.15,1770417200609,1.4803
0.85,0.13,0.87,0.15,1770417200640,1.4803
0.85,0.12,0.87,0.15,1770417201452,1.4805
0.85,0.12,0.88,0.15,1770417201454,1.4805
0.85,0.13,0.88,0.15,1770417202512,1.4804
0.85,0.13,0.87,0.15,1770417202526,1.4804
0.85,0.14,0.87,0.15,1770417202566,1.4804
0.85,0.14,0.86,0.15,1770417202572,1.4804
0.84,0.14,0.86,0.15,1770417211241,1.4798
0.84,0.14,0.86,0.16,1770417211242,1.4798
0.84,0.14,0.85,0.16,1770417211245,1.4798
0.84,0.15,0.85,0.16,1770417211247,1.4798
0.83,0.15,0.85,0.16,1770417212822,1.4795
0.83,0.15,0.85,0.17,1770417212844,1.4795
0.83,0.16,0.85,0.17,1770417212864,1.4795
0.83,0.16,0.84,0.17,1770417212883,1.4795
0.82,0.16,0.84,0.17,1770417214803,1.4793
0.82,0.16,0.84,0.18,1770417214804,1.4793
0.82,0.17,0.84,0.18,1770417214842,1.4793
0.82,0.17,0.83,0.18,1770417214844,1.4793
0.82,0.16,0.83,0.18,1770417219144,1.479
0.82,0.16,0.84,0.18,1770417219145,1.479
0.82,0.17,0.84,0.18,1770417219155,1.479
0.82,0.17,0.83,0.18,1770417219156,1.479
0.82,0.16,0.83,0.18,1770417219383,1.4795
0.82,0.16,0.84,0.18,1770417219385,1.4795
0.83,0.16,0.84,0.18,1770417219411,1.4795
0.83,0.16,0.84,0.17,1770417219415,1.4795
0.83,0.15,0.84,0.17,1770417219554,1.4795
0.83,0.15,0.85,0.17,1770417219556,1.4795
0.84,0.15,0.85,0.17,1770417219610,1.4795
0.84,0.15,0.85,0.16,1770417219611,1.4795
0.84,0.13,0.85,0.16,1770417221022,1.4799
0.84,0.13,0.87,0.16,1770417221043,1.4799
0.86,0.13,0.87,0.16,1770417221048,1.4799
0.86,0.13,0.87,0.14,1770417221049,1.4799
0.86,0.11,0.87,0.14,1770417224147,1.4809
0.86,0.11,0.89,0.14,1770417224167,1.4809
0.87,0.11,0.89,0.14,1770417224171,1.4809
0.87,0.11,0.89,0.13,1770417224172,1.4809
0.88,0.11,0.89,0.13,1770417224299,1.4811
0.88,0.11,0.89,0.12,1770417224323,1.4811
0.88,0.1,0.89,0.12,1770417228023,1.4815
0.88,0.1,0.9,0.12,1770417228026,1.4815
0.89,0.1,0.9,0.12,1770417228051,1.4815
0.89,0.1,0.9,0.11,1770417228054,1.4815
0.89,0.09,0.9,0.11,1770417231434,1.4825
0.89,0.09,0.91,0.11,1770417231435,1.4825
0.9,0.09,0.91,0.11,1770417231459,1.4825
0.9,0.09,0.91,0.1,1770417231461,1.4825
0.89,0.09,0.91,0.1,1770417233361,1.4824
0.89,0.09,0.91,0.11,1770417233366,1.4824
0.89,0.1,0.91,0.11,1770417233399,1.4824
0.89,0.1,0.9,0.11,1770417233400,1.4824
0.89,0.09,0.9,0.11,1770417233721,1.4824
0.89,0.09,0.91,0.11,1770417233738,1.4824
0.89,0.1,0.91,0.11,1770417233962,1.4824
0.89,0.1,0.9,0.11,1770417233968,1.4824
0.89,0.09,0.9,0.11,1770417234040,1.4824
0.89,0.09,0.91,0.11,1770417234042,1.4824
0.89,0.1,0.91,0.11,1770417234345,1.4816
0.89,0.1,0.9,0.11,1770417234346,1.4816
0.89,0.09,0.9,0.11,1770417234461,1.4816
0.89,0.09,0.91,0.11,1770417234464,1.4816
0.9,0.09,0.91,0.11,1770417234630,1.4816
0.9,0.09,0.91,0.1,1770417234643,1.4816
0.89,0.09,0.91,0.1,1770417235493,1.4821
0.89,0.09,0.91,0.11,1770417235494,1.4821
0.9,0.09,0.91,0.11,1770417235496,1.4821
0.9,0.09,0.91,0.1,1770417235502,1.4821
0.9,0.08,0.91,0.1,1770417236076,1.4821
0.9,0.08,0.92,0.1,1770417236077,1.4821
0.9,0.09,0.92,0.1,1770417236195,1.4821
0.9,0.09,0.91,0.1,1770417236196,1.4821
0.9,0.1,0.91,0.11,1770417237430,1.482
0.89,0.1,0.9,0.11,1770417237455,1.482
0.88,0.1,0.9,0.11,1770417245885,1.4814
0.88,0.1,0.9,0.12,1770417245891,1.4814
0.88,0.11,0.9,0.12,1770417246251,1.4814
0.88,0.11,0.89,0.12,1770417246253,1.4814
0.88,0.1,0.89,0.12,1770417249189,1.4811
0.88,0.1,0.9,0.12,1770417249190,1.4811
0.89,0.1,0.9,0.12,1770417249994,1.481
0.89,0.1,0.9,0.11,1770417249996,1.481
0.89,0.09,0.9,0.11,1770417250990,1.4812
0.89,0.09,0.91,0.11,1770417250991,1.4812
0.89,0.07,0.91,0.11,1770417251016,1.4812
0.9,0.07,0.93,0.11,1770417251018,1.4812
0.9,0.07,0.93,0.1,1770417251019,1.4812
0.9,0.07,0.92,0.1,1770417251140,1.4812
0.9,0.08,0.92,0.1,1770417251146,1.4812
0.91,0.08,0.92,0.1,1770417251354,1.4825
0.91,0.08,0.92,0.09,1770417251356,1.4825
0.9,0.08,0.92,0.09,1770417253005,1.4823
0.9,0.08,0.92,0.1,1770417253006,1.4823
0.9,0.08,0.91,0.1,1770417253063,1.4823
0.9,0.09,0.91,0.1,1770417253068,1.4823
0.89,0.09,0.91,0.1,1770417254092,1.4815
0.89,0.09,0.91,0.11,1770417254094,1.4815
0.89,0.09,0.9,0.11,1770417254115,1.4815
0.89,0.1,0.9,0.11,1770417254116,1.4815
0.89,0.09,0.9,0.11,1770417256262,1.4811
0.89,0.09,0.91,0.11,1770417256290,1.4815
0.89,0.1,0.91,0.11,1770417258372,1.4815
0.89,0.1,0.9,0.11,1770417258373,1.4815
0.89,0.08,0.9,0.11,1770417263187,1.4811
0.89,0.08,0.92,0.11,1770417263189,1.4811
0.9,0.08,0.92,0.11,1770417263210,1.4811
0.9,0.08,0.92,0.1,1770417263212,1.4811
0.91,0.08,0.92,0.1,1770417263247,1.4811
0.91,0.08,0.92,0.09,1770417263248,1.4811
0.9,0.08,0.92,0.09,1770417266209,1.4813
0.9,0.08,0.92,0.1,1770417266240,1.4813
0.9,0.08,0.91,0.1,1770417266271,1.4813
0.9,0.09,0.91,0.1,1770417266305,1.4813
0.9,0.09,0.92,0.1,1770417267917,1.4813
0.9,0.08,0.92,0.1,1770417267924,1.4813
0.9,0.09,0.92,0.1,1770417267968,1.4813
0.9,0.09,0.91,0.1,1770417267969,1.4813
0.9,0.08,0.91,0.1,1770417268047,1.4813
0.9,0.08,0.92,0.1,1770417268049,1.4813
0.9,0.08,0.91,0.1,1770417269167,1.4815
0.9,0.09,0.91,0.1,1770417269169,1.4815
0.9,0.09,0.92,0.1,1770417269817,1.4816
0.9,0.08,0.92,0.1,1770417269818,1.4816
0.91,0.08,0.92,0.1,1770417269862,1.4816
0.91,0.08,0.92,0.09,1770417269863,1.4816
0.91,0.07,0.92,0.09,1770417269997,1.4816
0.91,0.07,0.93,0.09,1770417270014,1.4816
0.92,0.07,0.93,0.09,1770417270058,1.4816
0.92,0.07,0.93,0.08,1770417270064,1.4816
0.91,0.07,0.93,0.08,1770417272248,1.483
0.91,0.07,0.93,0.09,1770417272251,1.483
0.91,0.08,0.93,0.09,1770417272327,1.483
0.91,0.08,0.92,0.09,1770417272357,1.483
0.91,0.08,0.93,0.09,1770417274228,1.4818
0.91,0.07,0.93,0.09,1770417274229,1.4818
0.92,0.07,0.93,0.09,1770417274854,1.482
0.92,0.07,0.93,0.08,1770417274876,1.482
0.91,0.07,0.93,0.08,1770417274998,1.482
0.91,0.07,0.93,0.09,1770417275026,1.482
0.92,0.07,0.93,0.09,1770417275334,1.4822
0.92,0.07,0.93,0.08,1770417275335,1.4822
0.92,0.06,0.93,0.08,1770417284653,1.4832
0.92,0.06,0.94,0.08,1770417284655,1.4832
0.93,0.06,0.94,0.08,1770417284679,1.4832
0.93,0.06,0.94,0.07,1770417284680,1.4832
0.92,0.06,0.94,0.07,1770417286415,1.4829
0.92,0.06,0.94,0.08,1770417286423,1.4829
0.92,0.07,0.94,0.08,1770417286563,1.4829
0.92,0.07,0.93,0.08,1770417286564,1.4829
0.92,0.07,0.94,0.08,1770417288136,1.4827
0.92,0.06,0.94,0.08,1770417288144,1.4827
0.93,0.06,0.94,0.08,1770417288254,1.4827
0.93,0.06,0.94,0.07,1770417288259,1.4828
0.92,0.06,0.94,0.07,1770417288892,1.4828
0.92,0.06,0.94,0.08,1770417288959,1.4828
0.92,0.06,0.93,0.08,1770417288960,1.4828
0.92,0.07,0.93,0.08,1770417288961,1.4828
0.91,0.07,0.93,0.08,1770417290414,1.4823
0.91,0.07,0.93,0.09,1770417290415,1.4823
0.91,0.07,0.92,0.09,1770417290452,1.4823
0.91,0.08,0.92,0.09,1770417290453,1.4823
0.91,0.08,0.93,0.09,1770417290973,1.4823
0.91,0.07,0.93,0.09,1770417290982,1.4823
0.91,0.08,0.93,0.09,1770417291000,1.4823
0.91,0.08,0.92,0.09,1770417291001,1.4823
0.91,0.07,0.92,0.09,1770417292894,1.4817
0.91,0.07,0.93,0.09,1770417292895,1.4817
0.91,0.08,0.93,0.09,1770417293062,1.4817
0.91,0.08,0.92,0.09,1770417293063,1.4817
0.91,0.07,0.92,0.09,1770417293335,1.4818
0.91,0.07,0.93,0.09,1770417293355,1.4818
0.92,0.07,0.93,0.09,1770417294429,1.4819
0.92,0.07,0.93,0.08,1770417294442,1.4819
0.92,0.06,0.93,0.08,1770417294470,1.4819
0.92,0.06,0.94,0.08,1770417294474,1.4819
0.92,0.07,0.94,0.08,1770417294490,1.4819
0.92,0.07,0.93,0.08,1770417294491,1.4819
0.92,0.06,0.93,0.08,1770417294534,1.4819
0.92,0.06,0.94,0.08,1770417294570,1.4819
0.92,0.06,0.93,0.08,1770417294572,1.4819
0.92,0.07,0.93,0.08,1770417294573,1.4819
0.92,0.07,0.94,0.08,1770417294674,1.4819
0.92,0.06,0.94,0.08,1770417294701,1.4819
0.92,0.07,0.94,0.08,1770417294722,1.4819
0.92,0.07,0.93,0.08,1770417294725,1.4819
0.92,0.06,0.93,0.08,1770417294753,1.4819
0.92,0.07,0.93,0.08,1770417294755,1.4819
0.91,0.07,0.93,0.08,1770417295024,1.4819
0.91,0.07,0.93,0.09,1770417295051,1.4819
0.91,0.07,0.94,0.09,1770417295847,1.4822
0.91,0.06,0.94,0.09,1770417295884,1.4822
0.91,0.07,0.94,0.09,1770417295885,1.4822
0.91,0.07,0.93,0.09,1770417295910,1.4822
0.91,0.06,0.93,0.09,1770417296247,1.4822
0.91,0.06,0.94,0.09,1770417296248,1.4822
0.91,0.06,0.93,0.09,1770417296268,1.4822
0.91,0.07,0.93,0.09,1770417296270,1.4822
0.91,0.07,0.94,0.09,1770417296374,1.4822
0.91,0.06,0.94,0.09,1770417296375,1.4822
0.91,0.07,0.94,0.09,1770417296420,1.4822
0.91,0.07,0.93,0.09,1770417296435,1.4822
0.92,0.07,0.93,0.09,1770417296759,1.4822
0.92,0.07,0.93,0.08,1770417296775,1.4822
0.92,0.06,0.94,0.08,1770417296795,1.4822
0.92,0.06,0.93,0.08,1770417296803,1.4822
0.92,0.07,0.93,0.08,1770417296816,1.4822
0.92,0.07,0.94,0.08,1770417297058,1.4822
0.92,0.06,0.94,0.08,1770417297059,1.4822
0.92,0.07,0.94,0.08,1770417297088,1.4822
0.92,0.07,0.93,0.08,1770417297089,1.4822
0.92,0.06,0.93,0.08,1770417297218,1.4822
0.92,0.06,0.94,0.08,1770417297219,1.4822
0.92,0.07,0.94,0.08,1770417297875,1.4823
0.92,0.07,0.93,0.08,1770417297880,1.4823
0.92,0.06,0.93,0.08,1770417300941,1.4822
0.92,0.06,0.94,0.08,1770417300965,1.4822
0.92,0.06,0.93,0.08,1770417301255,1.4822
0.92,0.07,0.93,0.08,1770417301271,1.4824
0.92,0.07,0.94,0.08,1770417301828,1.4824
0.92,0.06,0.94,0.08,1770417301834,1.4824
0.93,0.06,0.94,0.08,1770417302630,1.4823
0.93,0.06,0.94,0.07,1770417302632,1.4823
0.92,0.06,0.94,0.07,1770417302941,1.4823
0.92,0.06,0.94,0.08,1770417302944,1.4823
0.92,0.06,0.95,0.08,1770417303319,1.4827
0.92,0.05,0.95,0.08,1770417303320,1.4827
0.92,0.06,0.95,0.08,1770417303347,1.4827
0.92,0.06,0.94,0.08,1770417303348,1.4827
0.92,0.05,0.94,0.08,1770417303587,1.4827
0.92,0.06,0.95,0.08,1770417303594,1.4827
0.92,0.06,0.94,0.08,1770417303612,1.4827
0.92,0.07,0.94,0.08,1770417303941,1.4827
0.92,0.07,0.93,0.08,1770417303942,1.4827
0.92,0.06,0.93,0.08,1770417304067,1.4827
0.92,0.06,0.94,0.08,1770417304079,1.4827
0.92,0.07,0.94,0.08,1770417304190,1.4827
0.92,0.07,0.93,0.08,1770417304191,1.4827
0.92,0.06,0.93,0.08,1770417304310,1.4826
0.92,0.06,0.94,0.08,1770417304314,1.4826
0.94,0.06,0.95,0.08,1770417304651,1.4826
0.94,0.05,0.95,0.06,1770417304652,1.4826
0.93,0.05,0.95,0.06,1770417308926,1.4811
0.93,0.05,0.95,0.07,1770417308927,1.4811
0.93,0.06,0.95,0.07,1770417309294,1.4816
0.93,0.06,0.94,0.07,1770417309295,1.4816
0.93,0.05,0.94,0.07,1770417316928,1.4818
0.93,0.05,0.95,0.07,1770417316929,1.4818
0.93,0.06,0.95,0.07,1770417316963,1.4818
0.93,0.06,0.94,0.07,1770417316986,1.4818
0.93,0.05,0.94,0.07,1770417317320,1.4822
0.93,0.05,0.95,0.07,1770417317546,1.4822
0.94,0.05,0.95,0.07,1770417317886,1.4822
0.94,0.05,0.95,0.06,1770417317892,1.4822
0.94,0.04,0.95,0.06,1770417321371,1.4829
0.94,0.04,0.96,0.06,1770417321395,1.4829
0.95,0.04,0.96,0.06,1770417321400,1.4829
0.95,0.04,0.96,0.05,1770417321401,1.4829
0.95,0.03,0.96,0.05,1770417329614,1.4847
0.95,0.03,0.97,0.05,1770417329615,1.4847
0.96,0.03,0.97,0.05,1770417329641,1.4847
0.96,0.03,0.97,0.04,1770417329642,1.4847
0.97,0.03,0.98,0.04,1770417341050,1.4854
0.97,0.02,0.98,0.03,1770417341069,1.4854
0.91,0.02,0.98,0.03,1770417369454,1.4848
0.91,0.02,0.98,0.09,1770417369455,1.4848
0.92,0.02,0.98,0.09,1770417369467,1.4848
0.92,0.02,0.98,0.08,1770417369468,1.4848
0.92,0.05,0.98,0.08,1770417369472,1.4848
0.92,0.05,0.95,0.08,1770417369473,1.4848
0.93,0.05,0.95,0.08,1770417369491,1.4848
0.93,0.05,0.95,0.07,1770417369494,1.4848
0.94,0.05,0.95,0.07,1770417369556,1.4848
0.94,0.05,0.95,0.06,1770417369557,1.4848
0.94,0.03,0.95,0.06,1770417370052,1.4848
0.94,0.05,0.95,0.06,1770417370056,1.4848
0.94,0.04,0.95,0.06,1770417370302,1.4849
0.94,0.04,0.96,0.06,1770417370303,1.4849
0.94,0.04,0.96,0.05,1770417370355,1.4849
0.95,0.04,0.96,0.05,1770417370384,1.4849
0.95,0.03,0.96,0.05,1770417370502,1.4849
0.95,0.03,0.97,0.05,1770417370503,1.4849
0.95,0.04,0.97,0.05,1770417370508,1.4849
0.95,0.04,0.96,0.05,1770417370514,1.4849
0.95,0.04,0.97,0.05,1770417373798,1.4846
0.95,0.03,0.97,0.05,1770417373799,1.4846
0.95,0.04,0.96,0.05,1770417373800,1.4846
0.95,0.03,0.96,0.05,1770417373926,1.4846
0.95,0.03,0.97,0.05,1770417373928,1.4846
0.95,0.04,0.97,0.05,1770417373931,1.4846
0.95,0.04,0.96,0.05,1770417373933,1.4846
0.95,0.03,0.96,0.05,1770417374062,1.4846
0.95,0.03,0.97,0.05,1770417374063,1.4846
0.95,0.02,0.97,0.05,1770417376659,1.4848
0.95,0.02,0.98,0.05,1770417376672,1.4848
0.95,0.03,0.98,0.05,1770417376701,1.4848
0.95,0.03,0.97,0.05,1770417376724,1.4848
0.96,0.03,0.97,0.05,1770417377003,1.4848
0.96,0.03,0.97,0.04,1770417377017,1.4848
0.96,0.02,0.97,0.04,1770417377392,1.485
0.96,0.02,0.98,0.04,1770417377417,1.485
0.96,0.03,0.98,0.04,1770417377568,1.485
0.96,0.03,0.97,0.04,1770417377576,1.485
0.96,0.02,0.97,0.04,1770417377600,1.485
0.96,0.02,0.98,0.04,1770417377630,1.485
0.96,0.03,0.98,0.04,1770417378056,1.485
0.96,0.03,0.97,0.04,1770417378090,1.485
0.96,0.02,0.97,0.04,1770417378231,1.485
0.96,0.02,0.98,0.04,1770417378232,1.485
0.97,0.02,0.98,0.04,1770417379508,1.4851
0.97,0.02,0.98,0.03,1770417379512,1.4851
0.97,0.01,0.98,0.03,1770417407760,1.4873
0.97,0.01,0.99,0.03,1770417407761,1.4873
0.98,0.01,0.99,0.03,1770417407852,1.4873
0.98,0.01,0.99,0.02,1770417407870,1.4873
0.97,0.01,0.99,0.02,1770417410336,1.4871
0.98,0.01,0.99,0.03,1770417410349,1.4871
0.98,0.01,0.99,0.02,1770417410352,1.4871
0.97,0.01,0.99,0.02,1770417410375,1.4871
0.97,0.01,0.99,0.03,1770417410377,1.4871
0.97,0.02,0.99,0.03,1770417410616,1.4871
0.97,0.02,0.98,0.03,1770417410641,1.4871
0.97,0.01,0.98,0.03,1770417410863,1.4871
0.97,0.01,0.99,0.03,1770417410864,1.4871
0.97,0.02,0.99,0.03,1770417410943,1.4871
0.97,0.02,0.98,0.03,1770417410957,1.4871
0.97,0.01,0.98,0.03,1770417411063,1.4871
0.97,0.01,0.99,0.03,1770417411071,1.4871
0.96,0.01,0.99,0.03,1770417411503,1.4872
0.96,0.01,0.99,0.04,1770417411504,1.4872
0.96,0.02,0.99,0.04,1770417411861,1.4872
0.96,0.02,0.98,0.04,1770417411862,1.4872
0.96,0.03,0.98,0.04,1770417412283,1.4872
0.96,0.03,0.97,0.04,1770417412284,1.4872
0.96,0.02,0.97,0.04,1770417412896,1.4872
0.96,0.02,0.98,0.04,1770417412897,1.4872
0.96,0.01,0.98,0.04,1770417413327,1.4872
0.96,0.01,0.99,0.04,1770417413328,1.4872
0.96,0.02,0.99,0.04,1770417413334,1.4872
0.96,0.02,0.98,0.04,1770417413335,1.4872
0.96,0.03,0.98,0.04,1770417414631,1.4872
0.96,0.03,0.97,0.04,1770417414642,1.4872
0.96,0.02,0.97,0.04,1770417414840,1.4872
0.96,0.02,0.98,0.04,1770417414902,1.4872
0.97,0.02,0.98,0.04,1770417414954,1.4872
0.97,0.02,0.98,0.03,1770417414977,1.4872
0.97,0.01,0.98,0.03,1770417420676,1.4869
0.97,0.01,0.99,0.03,1770417420682,1.4869
0.98,0.01,0.99,0.03,1770417420943,1.4869
0.98,0.01,0.99,0.02,1770417420970,1.4869
0.97,0.01,0.99,0.02,1770417426860,1.4871
0.97,0.01,0.99,0.03,1770417426861,1.4871
0.97,0.02,0.99,0.03,1770417427674,1.4868
0.97,0.02,0.98,0.03,1770417427675,1.4868
0.97,0.01,0.98,0.03,1770417427885,1.4868
0.97,0.01,0.99,0.03,1770417427892,1.4868
0.97,0.02,0.99,0.03,1770417427915,1.4868
0.97,0.02,0.98,0.03,1770417427916,1.4868
0.97,0.01,0.98,0.03,1770417429679,1.4861
0.97,0.01,0.99,0.03,1770417429688,1.4861
0.97,0.02,0.99,0.03,1770417429716,1.4861
0.97,0.02,0.98,0.03,1770417429728,1.4861
0.97,0.01,0.98,0.03,1770417429848,1.4861
0.97,0.01,0.99,0.03,1770417429852,1.4861
0.97,0.02,0.99,0.03,1770417432163,1.486
0.97,0.02,0.98,0.03,1770417432191,1.486
0.96,0.02,0.98,0.03,1770417432880,1.486
0.96,0.02,0.98,0.04,1770417432904,1.486
0.96,0.03,0.98,0.04,1770417433035,1.486
0.96,0.03,0.97,0.04,1770417433037,1.486
0.96,0.02,0.97,0.04,1770417433443,1.4855
0.96,0.02,0.98,0.04,1770417433453,1.4855
0.96,0.03,0.98,0.04,1770417433459,1.4855
0.96,0.03,0.97,0.04,1770417433461,1.4855
0.94,0.03,0.96,0.04,1770417449760,1.4827
0.94,0.04,0.96,0.06,1770417449761,1.4827
0.94,0.05,0.96,0.06,1770417449905,1.4827
0.94,0.05,0.95,0.06,1770417449906,1.4827
0.94,0.04,0.95,0.06,1770417450043,1.4827
0.94,0.04,0.96,0.06,1770417450048,1.4827
0.94,0.05,0.96,0.06,1770417450070,1.4827
0.94,0.05,0.95,0.06,1770417450074,1.4827
0.94,0.04,0.95,0.06,1770417452837,1.4819
0.94,0.04,0.96,0.06,1770417452853,1.4819
0.95,0.04,0.96,0.06,1770417453818,1.4828
0.95,0.04,0.96,0.05,1770417453842,1.4828
0.94,0.04,0.96,0.05,1770417454414,1.4829
0.94,0.04,0.96,0.06,1770417454416,1.4829
0.95,0.04,0.96,0.06,1770417455114,1.4829
0.95,0.04,0.96,0.05,1770417455129,1.4829
0.95,0.03,0.96,0.05,1770417457947,1.4833
0.95,0.03,0.97,0.05,1770417457948,1.4833
0.95,0.04,0.97,0.05,1770417460714,1.4835
0.95,0.04,0.96,0.05,1770417460715,1.4835
0.95,0.03,0.96,0.05,1770417460925,1.4835
0.95,0.03,0.97,0.05,1770417460950,1.4835
0.95,0.04,0.97,0.05,1770417461212,1.4835
0.95,0.04,0.96,0.05,1770417461213,1.4835
0.95,0.03,0.96,0.05,1770417461238,1.4835
0.95,0.03,0.97,0.05,1770417461239,1.4835
0.95,0.04,0.97,0.05,1770417461273,1.4835
0.95,0.04,0.96,0.05,1770417461274,1.4835
0.95,0.03,0.96,0.05,1770417462039,1.4835
0.95,0.03,0.97,0.05,1770417462045,1.4835
0.95,0.04,0.97,0.05,1770417463783,1.4836
0.95,0.04,0.96,0.05,1770417463789,1.4836
0.95,0.03,0.96,0.05,1770417463902,1.4836
0.95,0.03,0.97,0.05,1770417463903,1.4836
0.95,0.04,0.97,0.05,1770417463920,1.4836
0.95,0.04,0.96,0.05,1770417463922,1.4836
0.95,0.03,0.96,0.05,1770417465301,1.4834
0.95,0.03,0.97,0.05,1770417465310,1.4834
0.95,0.04,0.97,0.05,1770417468852,1.4836
0.95,0.04,0.96,0.05,1770417468877,1.4836
0.95,0.03,0.96,0.05,1770417475667,1.4833
0.95,0.03,0.97,0.05,1770417475668,1.4833
0.96,0.03,0.97,0.05,1770417477692,1.4833
0.96,0.03,0.97,0.04,1770417477693,1.4833
0.95,0.03,0.97,0.04,1770417477745,1.4833
0.95,0.03,0.97,0.05,1770417477746,1.4833
0.96,0.03,0.97,0.05,1770417478909,1.4834
0.96,0.03,0.97,0.04,1770417478923,1.4834
0.96,0.03,0.98,0.04,1770417479181,1.4834
0.96,0.02,0.98,0.04,1770417479182,1.4834
0.97,0.02,0.98,0.04,1770417480423,1.4844
0.97,0.02,0.98,0.03,1770417480428,1.4844
0.96,0.02,0.98,0.03,1770417480443,1.4844
0.96,0.02,0.98,0.04,1770417480444,1.4844
0.97,0.02,0.98,0.04,1770417480503,1.4844
0.97,0.02,0.98,0.03,1770417480514,1.4844
0.96,0.02,0.98,0.03,1770417481915,1.4849
0.96,0.02,0.98,0.04,1770417481939,1.4849
0.96,0.03,0.98,0.04,1770417482311,1.4844
0.96,0.03,0.97,0.04,1770417482313,1.4844
0.96,0.03,0.98,0.04,1770417490927,1.4835
0.96,0.02,0.98,0.04,1770417490928,1.4835
0.96,0.03,0.98,0.04,1770417490968,1.4835
0.96,0.03,0.97,0.04,1770417490971,1.4835
0.96,0.02,0.97,0.04,1770417491153,1.4835
0.96,0.02,0.98,0.04,1770417491154,1.4835
0.97,0.02,0.98,0.04,1770417491178,1.4835
0.97,0.02,0.98,0.03,1770417491182,1.4835
0.96,0.02,0.98,0.03,1770417491239,1.4837
0.96,0.02,0.98,0.04,1770417491240,1.4837
0.97,0.02,0.98,0.04,1770417491285,1.4837
0.97,0.02,0.98,0.03,1770417491307,1.4837
0.96,0.02,0.98,0.03,1770417491885,1.4837
0.96,0.02,0.98,0.04,1770417491907,1.4837
0.97,0.02,0.98,0.04,1770417493002,1.4843
0.97,0.02,0.98,0.03,1770417493015,1.4843
0.96,0.02,0.98,0.03,1770417499459,1.4848
0.96,0.02,0.98,0.04,1770417499473,1.4848
0.96,0.03,0.98,0.04,1770417499518,1.4848
0.96,0.03,0.97,0.04,1770417499527,1.4848
0.96,0.02,0.97,0.04,1770417504283,1.4855
0.96,0.02,0.98,0.04,1770417504284,1.4855
0.97,0.02,0.98,0.04,1770417504315,1.4855
0.97,0.02,0.98,0.03,1770417504316,1.4855
0.971,0.02,0.98,0.03,1770417510209,1.4867
0.971,0.02,0.98,0.029,1770417510219,1.4867
0.97,0.02,0.98,0.029,1770417510229,1.4867
0.97,0.02,0.98,0.03,1770417510230,1.4867
0.971,0.02,0.98,0.03,1770417510303,1.4862
0.971,0.02,0.98,0.029,1770417510313,1.4862
0.972,0.02,0.98,0.029,1770417510334,1.4862
0.972,0.02,0.98,0.028,1770417510335,1.4862
0.973,0.02,0.98,0.028,1770417510547,1.4862
0.973,0.02,0.98,0.027,1770417510597,1.4862
0.974,0.02,0.98,0.027,1770417510628,1.4862
0.974,0.02,0.98,0.026,1770417510686,1.4862
0.973,0.02,0.98,0.026,1770417511223,1.4862
0.972,0.02,0.98,0.027,1770417511227,1.4862
0.971,0.02,0.98,0.028,1770417511228,1.4862
0.971,0.02,0.98,0.029,1770417511229,1.4862
0.972,0.02,0.98,0.029,1770417511384,1.4865
0.972,0.02,0.98,0.028,1770417511385,1.4865
0.971,0.02,0.98,0.028,1770417511416,1.4865
0.971,0.02,0.98,0.029,1770417511445,1.4865
0.972,0.02,0.98,0.029,1770417511507,1.4865
0.972,0.02,0.98,0.028,1770417511508,1.4865
0.973,0.02,0.98,0.028,1770417511586,1.4865
0.973,0.02,0.98,0.027,1770417511587,1.4865
0.974,0.02,0.98,0.027,1770417511675,1.4865
0.973,0.02,0.98,0.026,1770417511700,1.4865
0.974,0.02,0.98,0.027,1770417511775,1.4865
0.974,0.02,0.98,0.026,1770417511790,1.4865
0.975,0.02,0.98,0.026,1770417511887,1.4865
0.974,0.02,0.98,0.025,1770417511921,1.4865
0.974,0.02,0.98,0.026,1770417511950,1.4865
0.975,0.02,0.98,0.026,1770417511998,1.4865
0.975,0.02,0.98,0.025,1770417512007,1.4865
0.976,0.02,0.98,0.025,1770417512034,1.4865
0.976,0.02,0.98,0.024,1770417512051,1.4865
0.977,0.02,0.98,0.024,1770417512136,1.4865
0.977,0.02,0.98,0.023,1770417512137,1.4865
0.978,0.02,0.98,0.023,1770417512237,1.4865
0.979,0.02,0.98,0.022,1770417512317,1.4865
0.979,0.02,0.98,0.021,1770417512342,1.4878
0.979,0.01,0.98,0.021,1770417512455,1.4878
0.98,0.01,0.99,0.021,1770417512479,1.4878
0.98,0.01,0.99,0.02,1770417512484,1.4878
0.981,0.01,0.99,0.02,1770417512584,1.4878
0.981,0.01,0.99,0.019,1770417512603,1.4878
0.982,0.01,0.99,0.019,1770417512662,1.4878
0.982,0.01,0.99,0.018,1770417512663,1.4878
0.983,0.01,0.99,0.018,1770417512745,1.4878
0.983,0.01,0.99,0.017,1770417512746,1.4878
0.984,0.01,0.99,0.017,1770417512969,1.4878
0.984,0.01,0.99,0.016,1770417513012,1.4878
0.983,0.01,0.99,0.016,1770417513049,1.4878
0.983,0.01,0.99,0.017,1770417513092,1.4878
0.982,0.01,0.99,0.017,1770417513126,1.4878
0.981,0.01,0.99,0.018,1770417513128,1.4878
0.981,0.01,0.99,0.019,1770417513156,1.4878
0.982,0.01,0.99,0.019,1770417513208,1.4878
0.982,0.01,0.99,0.018,1770417513222,1.4878
0.981,0.01,0.99,0.018,1770417513241,1.4878
0.981,0.01,0.99,0.019,1770417513259,1.4881
0.98,0.01,0.99,0.019,1770417513383,1.4881
0.98,0.01,0.99,0.02,1770417513396,1.4881
0.981,0.01,0.99,0.02,1770417514397,1.4874
0.981,0.01,0.99,0.019,1770417514402,1.4874
0.982,0.01,0.99,0.019,1770417514430,1.4874
0.982,0.01,0.99,0.018,1770417514438,1.4874
0.983,0.01,0.99,0.018,1770417514453,1.4874
0.983,0.01,0.99,0.017,1770417514471,1.4874
0.984,0.01,0.99,0.017,1770417514533,1.4874
0.984,0.01,0.99,0.016,1770417514568,1.4874
0.983,0.01,0.99,0.016,1770417515362,1.4878
0.982,0.01,0.99,0.018,1770417515363,1.4878
0.983,0.01,0.99,0.018,1770417515432,1.4878
0.983,0.01,0.99,0.017,1770417515481,1.4878
0.984,0.01,0.99,0.017,1770417515757,1.4878
0.984,0.01,0.99,0.016,1770417515791,1.4878
0.985,0.01,0.99,0.016,1770417515821,1.4878
0.985,0.01,0.99,0.015,1770417515823,1.4878
0.986,0.01,0.99,0.015,1770417515900,1.4878
0.986,0.01,0.99,0.014,1770417515918,1.4878
0.987,0.01,0.99,0.014,1770417515976,1.4878
0.987,0.01,0.99,0.013,1770417515977,1.4878
0.988,0.01,0.99,0.013,1770417516046,1.4878
0.988,0.01,0.99,0.012,1770417516047,1.4878
0.987,0.01,0.99,0.012,1770417516412,1.4888
0.986,0.01,0.99,0.013,1770417516578,1.4888
0.986,0.01,0.99,0.014,1770417516603,1.4888
0.987,0.01,0.99,0.014,1770417516758,1.4888
0.987,0.01,0.99,0.013,1770417516759,1.4888
0.986,0.01,0.99,0.013,1770417516784,1.4888
0.986,0.01,0.99,0.014,1770417516807,1.4888
0.987,0.01,0.99,0.014,1770417516857,1.4888
0.986,0.01,0.99,0.013,1770417516903,1.4888
0.986,0.01,0.99,0.014,1770417516956,1.4888
0.987,0.01,0.99,0.014,1770417517007,1.4888
0.987,0.01,0.99,0.013,1770417517009,1.4888
0.986,0.01,0.99,0.013,1770417517045,1.4888
0.987,0.01,0.99,0.014,1770417517122,1.4888
0.986,0.01,0.99,0.013,1770417517273,1.4888
0.985,0.01,0.99,0.014,1770417517279,1.4888
0.985,0.01,0.99,0.015,1770417517308,1.4885
0.986,0.01,0.99,0.015,1770417517358,1.4885
0.986,0.01,0.99,0.014,1770417517410,1.4885
0.987,0.01,0.99,0.014,1770417517610,1.4885
0.987,0.01,0.99,0.013,1770417517636,1.4885
0.988,0.01,0.99,0.013,1770417517809,1.4885
0.988,0.01,0.99,0.012,1770417517833,1.4885
0.989,0.01,0.99,0.012,1770417521432,1.4888
0.989,0.01,0.99,0.011,1770417521462,1.4888
0.98,0.01,0.99,0.011,1770417521902,1.4888
0.98,0.01,0.99,0.02,1770417521903,1.4888
0.981,0.01,0.99,0.02,1770417521926,1.4888
0.981,0.01,0.99,0.019,1770417521928,1.4888
0.98,0.01,0.99,0.019,1770417521956,1.4888
0.98,0.01,0.99,0.02,1770417521957,1.4888
0.982,0.01,0.99,0.02,1770417521959,1.4888
0.982,0.01,0.99,0.018,1770417521960,1.4888
0.983,0.01,0.99,0.018,1770417521986,1.4888
0.983,0.01,0.99,0.017,1770417521988,1.4888
0.984,0.01,0.99,0.017,1770417522017,1.4888
0.984,0.01,0.99,0.016,1770417522018,1.4888
0.985,0.01,0.99,0.016,1770417522040,1.4888
0.985,0.01,0.99,0.015,1770417522042,1.4888
0.986,0.01,0.99,0.015,1770417522134,1.4888
0.987,0.01,0.99,0.014,1770417522211,1.4888
0.987,0.01,0.99,0.013,1770417522213,1.4888
0.988,0.01,0.99,0.013,1770417522285,1.4893
0.988,0.01,0.99,0.012,1770417522359,1.4893
0.989,0.01,0.99,0.012,1770417522364,1.4893
0.989,0.01,0.99,0.011,1770417522495,1.4893
0.988,0.01,0.99,0.011,1770417523087,1.4893
0.988,0.01,0.99,0.012,1770417523088,1.4893
0.987,0.01,0.99,0.012,1770417524079,1.4888
0.987,0.01,0.99,0.013,1770417524082,1.4888
0.986,0.01,0.99,0.013,1770417524093,1.4888
0.986,0.01,0.99,0.014,1770417524094,1.4888
0.97,0.01,0.99,0.014,1770417524111,1.4888
0.985,0.01,0.99,0.03,1770417524122,1.4888
0.985,0.01,0.99,0.015,1770417524132,1.4888
0.986,0.01,0.99,0.015,1770417524182,1.4888
0.986,0.01,0.99,0.014,1770417524192,1.4888
0.985,0.01,0.99,0.014,1770417524263,1.4882
0.985,0.01,0.99,0.015,1770417524286,1.4882
0.97,0.01,0.99,0.015,1770417524365,1.4882
0.984,0.01,0.99,0.03,1770417524367,1.4882
0.984,0.01,0.99,0.016,1770417524390,1.4882
0.983,0.01,0.99,0.016,1770417524391,1.4882
0.983,0.01,0.99,0.017,1770417524392,1.4882
0.982,0.01,0.99,0.017,1770417524424,1.4882
0.982,0.01,0.99,0.018,1770417524428,1.4882
0.97,0.01,0.99,0.018,1770417524668,1.4882
0.981,0.01,0.99,0.03,1770417524671,1.4882
0.981,0.01,0.99,0.019,1770417524693,1.4882
0.971,0.01,0.99,0.019,1770417525556,1.4875
0.98,0.01,0.99,0.029,1770417525558,1.4875
0.98,0.01,0.99,0.02,1770417525581,1.4875
0.981,0.01,0.99,0.02,1770417525663,1.4875
0.981,0.01,0.99,0.019,1770417525688,1.4875
0.98,0.01,0.99,0.019,1770417525693,1.4875
0.98,0.01,0.99,0.02,1770417525717,1.4875
0.981,0.01,0.99,0.02,1770417525766,1.4875
0.981,0.01,0.99,0.019,1770417525773,1.4875
0.98,0.01,0.99,0.019,1770417525789,1.4875
0.98,0.01,0.99,0.02,1770417525794,1.4875
0.981,0.01,0.99,0.02,1770417525868,1.4875
0.981,0.01,0.99,0.019,1770417525869,1.4875
0.982,0.01,0.99,0.019,1770417527221,1.4873
0.982,0.01,0.99,0.018,1770417527227,1.4873
0.983,0.01,0.99,0.018,1770417527303,1.4873
0.983,0.01,0.99,0.017,1770417527304,1.4873
0.982,0.01,0.99,0.017,1770417527331,1.4873
0.982,0.01,0.99,0.018,1770417527358,1.4873
0.983,0.01,0.99,0.018,1770417527406,1.4873
0.984,0.01,0.99,0.017,1770417527453,1.4873
0.984,0.01,0.99,0.016,1770417527455,1.4873
0.985,0.01,0.99,0.016,1770417527530,1.4873
0.985,0.01,0.99,0.015,1770417527531,1.4873
0.986,0.01,0.99,0.015,1770417527603,1.4873
0.986,0.01,0.99,0.014,1770417527604,1.4873
0.987,0.01,0.99,0.014,1770417527678,1.4873
0.987,0.01,0.99,0.013,1770417527750,1.4873
0.988,0.01,0.99,0.013,1770417527753,1.4873
0.988,0.01,0.99,0.012,1770417527756,1.4873
0.989,0.01,0.99,0.012,1770417527822,1.4873
0.989,0.01,0.99,0.011,1770417527823,1.4873
0.988,0.01,0.99,0.011,1770417530516,1.489
0.988,0.01,0.99,0.012,1770417530544,1.489
0.989,0.01,0.99,0.012,1770417530602,1.489
0.989,0.01,0.99,0.011,1770417530643,1.489
0.988,0.01,0.99,0.011,1770417532591,1.489
0.988,0.01,0.99,0.012,1770417532592,1.489
0.989,0.01,0.99,0.012,1770417533467,1.4886
0.989,0.01,0.99,0.011,1770417533479,1.4886
0.988,0.01,0.99,0.011,1770417533796,1.4886
0.988,0.01,0.99,0.012,1770417533832,1.4886
0.987,0.01,0.99,0.012,1770417533898,1.4886
0.987,0.01,0.99,0.013,1770417533899,1.4886
0.97,0.01,0.99,0.013,1770417534510,1.4884
0.986,0.01,0.99,0.03,1770417534514,1.4884
0.986,0.01,0.99,0.014,1770417534536,1.4884
0.987,0.01,0.99,0.014,1770417534839,1.4884
0.986,0.01,0.99,0.013,1770417534979,1.4884
0.987,0.01,0.99,0.014,1770417535053,1.4884
0.987,0.01,0.99,0.013,1770417535054,1.4884
0.986,0.01,0.99,0.013,1770417535299,1.4884
0.986,0.01,0.99,0.014,1770417535324,1.4884
0.987,0.01,0.99,0.014,1770417535905,1.4884
0.987,0.01,0.99,0.013,1770417536014,1.4884
0.986,0.01,0.99,0.013,1770417540128,1.4884
0.986,0.01,0.99,0.014,1770417540129,1.4884
0.97,0.01,0.99,0.014,1770417540204,1.4884
0.985,0.01,0.99,0.03,1770417540208,1.4884
0.985,0.01,0.99,0.015,1770417540236,1.4883
0.984,0.01,0.99,0.015,1770417540400,1.4883
0.984,0.01,0.99,0.016,1770417540401,1.4883
0.985,0.01,0.99,0.016,1770417540519,1.4883
0.984,0.01,0.99,0.015,1770417540582,1.4883
0.984,0.01,0.99,0.016,1770417540583,1.4883
0.985,0.01,0.99,0.016,1770417540654,1.4883
0.985,0.01,0.99,0.015,1770417540655,1.4883
0.984,0.01,0.99,0.015,1770417540705,1.4883
0.984,0.01,0.99,0.016,1770417540750,1.4883
0.983,0.01,0.99,0.017,1770417540777,1.4883
0.984,0.01,0.99,0.017,1770417540823,1.4883
0.983,0.01,0.99,0.016,1770417540847,1.4883
0.97,0.01,0.99,0.017,1770417540854,1.4883
0.971,0.01,0.99,0.03,1770417540879,1.4883
0.971,0.01,0.99,0.029,1770417540887,1.4883
0.972,0.01,0.99,0.029,1770417540904,1.4883
0.972,0.01,0.99,0.028,1770417540905,1.4883
0.973,0.01,0.99,0.028,1770417540933,1.4883
0.973,0.01,0.99,0.027,1770417540952,1.4883
0.974,0.01,0.99,0.027,1770417540959,1.4883
0.974,0.01,0.99,0.026,1770417540960,1.4883
0.975,0.01,0.99,0.026,1770417541027,1.4883
0.975,0.01,0.99,0.025,1770417541028,1.4883
0.976,0.01,0.99,0.025,1770417541097,1.4883
0.977,0.01,0.99,0.024,1770417541175,1.4883
0.977,0.01,0.99,0.023,1770417541242,1.4883
0.978,0.01,0.99,0.023,1770417541250,1.4876
0.978,0.01,0.99,0.022,1770417541268,1.4876
0.979,0.01,0.99,0.022,1770417541317,1.4876
0.979,0.01,0.99,0.021,1770417541378,1.4876
0.98,0.01,0.99,0.021,1770417541412,1.4876
0.981,0.01,0.99,0.02,1770417541467,1.4876
0.981,0.01,0.99,0.019,1770417541482,1.4876
0.982,0.01,0.99,0.019,1770417541542,1.4876
0.982,0.01,0.99,0.018,1770417541543,1.4876
0.983,0.01,0.99,0.018,1770417541624,1.4876
0.983,0.01,0.99,0.017,1770417541625,1.4876
0.982,0.01,0.99,0.017,1770417541743,1.4876
0.982,0.01,0.99,0.018,1770417541845,1.4876
0.981,0.01,0.99,0.018,1770417542291,1.4875
0.981,0.01,0.99,0.019,1770417542292,1.4875
0.98,0.01,0.99,0.019,1770417542314,1.4875
0.98,0.01,0.99,0.02,1770417542328,1.4875
0.981,0.01,0.99,0.02,1770417542370,1.4875
0.981,0.01,0.99,0.019,1770417542393,1.4875
0.982,0.01,0.99,0.019,1770417542439,1.4875
0.982,0.01,0.99,0.018,1770417542464,1.4875
0.983,0.01,0.99,0.018,1770417542465,1.4875
0.982,0.01,0.99,0.017,1770417542572,1.4875
0.983,0.01,0.99,0.018,1770417543034,1.4875
0.982,0.01,0.99,0.017,1770417543059,1.4875
0.982,0.01,0.99,0.018,1770417543162,1.4875
0.981,0.01,0.99,0.018,1770417543539,1.4876
0.97,0.01,0.99,0.019,1770417543577,1.4876
0.97,0.01,0.99,0.03,1770417543578,1.4876
0.98,0.01,0.99,0.03,1770417543582,1.4876
0.98,0.01,0.99,0.02,1770417543603,1.4876
0.981,0.01,0.99,0.02,1770417543656,1.4876
0.981,0.01,0.99,0.019,1770417543657,1.4876
0.98,0.01,0.99,0.019,1770417543758,1.4876
0.98,0.01,0.99,0.02,1770417543789,1.4876
0.971,0.01,0.99,0.02,1770417543819,1.4876
0.971,0.01,0.99,0.029,1770417543820,1.4876
0.979,0.01,0.99,0.021,1770417543823,1.4876
0.972,0.01,0.99,0.021,1770417543878,1.4876
0.972,0.01,0.99,0.028,1770417543879,1.4876
0.978,0.01,0.99,0.028,1770417543896,1.4876
0.978,0.01,0.99,0.022,1770417543909,1.4876
0.972,0.01,0.99,0.022,1770417543921,1.4876
0.972,0.01,0.99,0.028,1770417543922,1.4876
0.973,0.01,0.99,0.028,1770417543955,1.4876
0.973,0.01,0.99,0.027,1770417543979,1.4876
0.974,0.01,0.99,0.027,1770417543998,1.4876
0.974,0.01,0.99,0.026,1770417544030,1.4876
0.973,0.01,0.99,0.026,1770417544050,1.4876
0.972,0.01,0.99,0.027,1770417544052,1.4876
0.97,0.01,0.99,0.03,1770417544054,1.4876
0.971,0.01,0.99,0.03,1770417544073,1.4876
0.971,0.01,0.99,0.029,1770417544081,1.4876
0.971,0.02,0.99,0.029,1770417544109,1.4876
0.971,0.02,0.98,0.029,1770417544129,1.4876
0.972,0.02,0.98,0.029,1770417544139,1.4876
0.972,0.02,0.98,0.028,1770417544149,1.4876
0.973,0.02,0.98,0.028,1770417544160,1.4876
0.973,0.02,0.98,0.027,1770417544161,1.4876
0.973,0.01,0.98,0.027,1770417544246,1.4857
0.974,0.01,0.99,0.026,1770417544250,1.4857
0.974,0.02,0.99,0.026,1770417544339,1.4857
0.974,0.02,0.98,0.026,1770417544340,1.4857
0.974,0.01,0.98,0.026,1770417544365,1.4857
0.974,0.01,0.99,0.026,1770417544367,1.4857
0.973,0.01,0.99,0.026,1770417544405,1.4857
0.973,0.01,0.99,0.027,1770417544409,1.4857
0.972,0.01,0.99,0.027,1770417544597,1.4857
0.97,0.01,0.99,0.028,1770417544598,1.4857
0.971,0.01,0.99,0.029,1770417544618,1.4857
0.972,0.01,0.99,0.029,1770417544666,1.4857
0.972,0.01,0.99,0.028,1770417544669,1.4857
0.971,0.01,0.99,0.028,1770417544689,1.4857
0.971,0.01,0.99,0.029,1770417544690,1.4857
0.97,0.01,0.99,0.029,1770417544700,1.4857
0.97,0.01,0.99,0.03,1770417544709,1.4857
0.97,0.02,0.99,0.03,1770417544763,1.4857
0.97,0.02,0.98,0.03,1770417544772,1.4857
0.97,0.01,0.98,0.03,1770417545124,1.4857
0.97,0.01,0.99,0.03,1770417545125,1.4857
0.97,0.02,0.99,0.03,1770417545272,1.4857
0.97,0.02,0.98,0.03,1770417545316,1.4852
0.97,0.01,0.98,0.03,1770417545482,1.4852
0.97,0.01,0.99,0.03,1770417545504,1.4852
0.97,0.02,0.99,0.03,1770417545560,1.4852
0.97,0.02,0.98,0.03,1770417545562,1.4852
0.97,0.01,0.98,0.03,1770417545682,1.4852
0.97,0.02,0.99,0.03,1770417545683,1.4852
0.97,0.02,0.98,0.03,1770417545684,1.4852
0.97,0.01,0.98,0.03,1770417545822,1.4852
0.97,0.01,0.99,0.03,1770417545823,1.4852
0.97,0.02,0.99,0.03,1770417545846,1.4852
0.97,0.02,0.98,0.03,1770417545853,1.4852
0.95,0.02,0.98,0.03,1770417548638,1.4821
0.95,0.02,0.98,0.05,1770417548639,1.4821
0.95,0.02,0.97,0.05,1770417548673,1.4821
0.95,0.03,0.97,0.05,1770417548674,1.4821
0.95,0.04,0.97,0.05,1770417548787,1.4821
0.95,0.04,0.96,0.05,1770417548788,1.4821
0.95,0.03,0.96,0.05,1770417548963,1.4821
0.95,0.03,0.97,0.05,1770417548966,1.4821
0.95,0.03,0.96,0.05,1770417549022,1.4821
0.95,0.04,0.96,0.05,1770417549033,1.4821
0.95,0.03,0.96,0.05,1770417549599,1.482
0.95,0.03,0.97,0.05,1770417549617,1.482
0.95,0.03,0.97,0.06,1770417549894,1.482
0.94,0.03,0.97,0.06,1770417549895,1.482
0.94,0.04,0.97,0.06,1770417550446,1.4822
0.94,0.04,0.96,0.06,1770417550447,1.4822
0.94,0.04,0.96,0.05,1770417550521,1.4822
0.95,0.04,0.96,0.05,1770417550540,1.4822
0.95,0.03,0.96,0.05,1770417550572,1.4822
0.95,0.03,0.97,0.05,1770417550573,1.4822
0.95,0.03,0.96,0.05,1770417551723,1.4821
0.95,0.04,0.96,0.05,1770417551749,1.4821
0.95,0.04,0.96,0.06,1770417552207,1.4821
0.94,0.04,0.96,0.06,1770417552208,1.4821
0.94,0.04,0.95,0.06,1770417552695,1.4822
0.94,0.05,0.95,0.06,1770417552708,1.4822
0.94,0.05,0.96,0.06,1770417552754,1.4822
0.94,0.04,0.96,0.06,1770417552755,1.4822
0.94,0.04,0.96,0.05,1770417552929,1.4822
0.95,0.04,0.96,0.05,1770417552930,1.4822
0.95,0.03,0.96,0.05,1770417554830,1.4826
0.95,0.03,0.97,0.05,1770417554831,1.4826
0.95,0.03,0.97,0.04,1770417554869,1.4826
0.96,0.03,0.97,0.04,1770417554886,1.4826
0.948,0.03,0.97,0.04,1770417663815,1.4853
0.948,0.03,0.97,0.052,1770417663816,1.4853
0.948,0.03,0.97,0.04,1770417664387,1.4856
0.96,0.03,0.97,0.04,1770417664388,1.4856
0.96,0.03,0.99,0.04,1770417664781,1.4856
0.96,0.01,0.99,0.04,1770417664782,1.4856
0.97,0.01,0.99,0.04,1770417665117,1.4856
0.97,0.01,0.99,0.03,1770417665199,1.4856
0.98,0.01,0.99,0.03,1770417665200,1.4856
0.98,0.01,0.99,0.02,1770417665222,1.4856
0.98,0.01,0.989,0.02,1770417672559,1.4846
0.98,0.011,0.989,0.02,1770417672560,1.4846
0.981,0.011,0.989,0.02,1770417674331,1.4849
0.981,0.011,0.989,0.019,1770417674352,1.4849
0.982,0.011,0.989,0.019,1770417674367,1.4849
0.983,0.011,0.989,0.018,1770417674446,1.4849
0.983,0.011,0.989,0.017,1770417674491,1.4849
0.984,0.011,0.989,0.016,1770417674492,1.4849
0.98,0.011,0.989,0.016,1770417674597,1.4849
0.98,0.011,0.989,0.02,1770417674598,1.4849
0.981,0.011,0.989,0.02,1770417675337,1.4848
0.981,0.011,0.989,0.019,1770417675362,1.4848
0.98,0.011,0.989,0.019,1770417676904,1.4848
0.98,0.011,0.989,0.02,1770417676907,1.4848
0.981,0.011,0.989,0.02,1770417678382,1.4845
0.981,0.011,0.989,0.019,1770417678408,1.4845
0.98,0.011,0.989,0.019,1770417678426,1.4845
0.98,0.011,0.989,0.02,1770417678427,1.4845
0.981,0.011,0.989,0.02,1770417678508,1.4845
0.981,0.011,0.989,0.019,1770417678530,1.4845
0.989,0.011,0.99,0.019,1770417678956,1.4845
0.989,0.01,0.99,0.011,1770417679014,1.4845
0.988,0.01,0.99,0.011,1770417696046,1.4846
0.987,0.01,0.99,0.013,1770417696058,1.4846
0.988,0.01,0.99,0.013,1770417696122,1.4846
0.988,0.01,0.99,0.012,1770417696320,1.4843
0.989,0.01,0.99,0.012,1770417696354,1.4843
0.988,0.01,0.99,0.011,1770417696394,1.4843
0.989,0.01,0.99,0.012,1770417696435,1.4843
0.989,0.01,0.99,0.011,1770417696534,1.4843
0.97,0.01,0.99,0.011,1770417712061,1.4831
0.97,0.01,0.99,0.03,1770417712081,1.4831
0.971,0.01,0.99,0.03,1770417712095,1.4831
0.971,0.01,0.99,0.029,1770417712096,1.4831
0.971,0.02,0.99,0.029,1770417714990,1.483
0.971,0.02,0.98,0.029,1770417715010,1.483
0.971,0.011,0.98,0.029,1770417718002,1.4824
0.971,0.011,0.989,0.029,1770417718014,1.4824
0.971,0.01,0.989,0.029,1770417718028,1.4824
0.971,0.01,0.99,0.029,1770417718033,1.4824
0.971,0.02,0.99,0.029,1770417718496,1.4824
0.971,0.02,0.98,0.029,1770417718497,1.4824
0.971,0.01,0.98,0.029,1770417718705,1.4824
0.971,0.01,0.99,0.029,1770417718726,1.4824
0.971,0.02,0.99,0.029,1770417718999,1.4824
0.971,0.02,0.98,0.029,1770417719014,1.4824
0.971,0.01,0.98,0.029,1770417719209,1.4824
0.971,0.01,0.99,0.029,1770417719210,1.4824
0.971,0.02,0.99,0.029,1770417719498,1.4823
0.971,0.02,0.98,0.029,1770417719500,1.4823
0.971,0.01,0.98,0.029,1770417719706,1.4823
0.971,0.01,0.99,0.029,1770417719729,1.4823
0.971,0.02,0.99,0.029,1770417719998,1.4823
0.971,0.02,0.98,0.029,1770417720023,1.4823
0.971,0.01,0.98,0.029,1770417720210,1.4823
0.971,0.01,0.99,0.029,1770417720238,1.4823
0.971,0.02,0.99,0.029,1770417720506,1.4823
0.971,0.02,0.98,0.029,1770417720530,1.4823
0.971,0.01,0.98,0.029,1770417720721,1.4823
0.971,0.01,0.99,0.029,1770417720731,1.4823
0.98,0.01,0.99,0.029,1770417720780,1.4823
0.98,0.01,0.99,0.02,1770417720866,1.4823
0.97,0.01,0.99,0.02,1770417770026,1.4819
0.97,0.01,0.99,0.03,1770417770027,1.4819
0.971,0.01,0.99,0.03,1770417770322,1.4819
0.971,0.01,0.99,0.029,1770417770323,1.4819
0.971,0.02,0.99,0.029,1770417771604,1.482
0.971,0.02,0.98,0.029,1770417771624,1.482
0.971,0.01,0.98,0.029,1770417771810,1.482
0.971,0.01,0.99,0.029,1770417771834,1.482
0.971,0.02,0.99,0.029,1770417772109,1.482
0.971,0.02,0.98,0.029,1770417772130,1.482
0.971,0.01,0.98,0.029,1770417772235,1.482
0.971,0.01,0.99,0.029,1770417772256,1.4818
0.971,0.02,0.99,0.029,1770417772605,1.4818
0.971,0.02,0.98,0.029,1770417772606,1.4818
0.971,0.01,0.98,0.029,1770417772816,1.4818
0.971,0.01,0.99,0.029,1770417772839,1.4818
0.971,0.02,0.99,0.029,1770417773129,1.4818
0.971,0.02,0.98,0.029,1770417773130,1.4818
0.971,0.01,0.98,0.029,1770417773316,1.4818
0.971,0.01,0.99,0.029,1770417773335,1.4818
0.971,0.02,0.99,0.029,1770417773608,1.4818
0.971,0.02,0.98,0.029,1770417773631,1.4818
0.971,0.01,0.98,0.029,1770417773816,1.4818
0.971,0.01,0.99,0.029,1770417773839,1.4818
0.971,0.02,0.99,0.029,1770417774110,1.4818
0.971,0.02,0.98,0.029,1770417774131,1.4818
0.971,0.01,0.98,0.029,1770417774317,1.4819
0.971,0.01,0.99,0.029,1770417774340,1.4819
0.971,0.02,0.99,0.029,1770417774617,1.4819
0.971,0.02,0.98,0.029,1770417774618,1.4819
0.971,0.01,0.98,0.029,1770417774833,1.4819
0.971,0.01,0.99,0.029,1770417774851,1.4819
0.971,0.02,0.99,0.029,1770417775114,1.4819
0.971,0.01,0.98,0.029,1770417775135,1.4819
0.971,0.01,0.99,0.029,1770417775136,1.4819
0.98,0.01,0.99,0.029,1770417775156,1.4819
0.98,0.01,0.99,0.02,1770417775157,1.4819
0.97,0.01,0.99,0.02,1770417777324,1.4818
0.97,0.01,0.99,0.03,1770417777333,1.4818
0.97,0.02,0.99,0.03,1770417777702,1.4818
0.97,0.02,0.98,0.03,1770417777703,1.4818
0.97,0.01,0.98,0.03,1770417777827,1.4818
0.97,0.01,0.99,0.03,1770417777828,1.4818
0.97,0.02,0.99,0.03,1770417777953,1.4818
0.97,0.02,0.98,0.03,1770417777954,1.4818
0.97,0.01,0.98,0.03,1770417778067,1.4818
0.97,0.01,0.99,0.03,1770417778068,1.4818
0.97,0.02,0.99,0.03,1770417778183,1.4818
0.97,0.02,0.98,0.03,1770417778184,1.4818
0.97,0.01,0.98,0.03,1770417778263,1.4818
0.97,0.01,0.99,0.03,1770417778271,1.4818
0.971,0.01,0.99,0.03,1770417779389,1.4819
0.971,0.01,0.99,0.029,1770417779498,1.4819
0.98,0.01,0.99,0.029,1770417782406,1.4815
0.98,0.01,0.99,0.02,1770417782407,1.4815
0.99,0.01,0.992,0.02,1770417782702,1.4815
0.99,0.008,0.992,0.01,1770417782730,1.4815
0.99,0.007,0.992,0.01,1770417782967,1.4815
0.99,0.007,0.993,0.01,1770417782971,1.4815
0.99,0.009,0.993,0.01,1770417783309,1.4818
0.99,0.009,0.991,0.01,1770417783319,1.4818
0.99,0.007,0.991,0.01,1770417783473,1.4818
0.99,0.007,0.993,0.01,1770417783476,1.4818
0.98,0.007,0.993,0.01,1770417784015,1.4818
0.98,0.007,0.993,0.02,1770417784039,1.4818
0.98,0.01,0.993,0.02,1770417784346,1.4824
0.98,0.01,0.99,0.02,1770417784356,1.4824
0.98,0.007,0.99,0.02,1770417784367,1.4824
0.99,0.007,0.993,0.02,1770417784381,1.4824
0.99,0.007,0.993,0.01,1770417784382,1.4824
0.99,0.004,0.993,0.01,1770417785187,1.4824
0.99,0.004,0.996,0.01,1770417785305,1.4825
0.993,0.004,0.996,0.01,1770417786129,1.4825
0.993,0.004,0.996,0.007,1770417786196,1.4825
0.993,0.003,0.996,0.007,1770417786344,1.4821
0.993,0.003,0.997,0.007,1770417786347,1.4821
0.99,0.003,0.997,0.007,1770417788164,1.4823
0.99,0.003,0.997,0.01,1770417788165,1.4823
0.99,0.004,0.997,0.01,1770417789765,1.4824
0.99,0.004,0.996,0.009,1770417789790,1.4824
0.991,0.004,0.996,0.009,1770417789807,1.4824
0.991,0.003,0.996,0.009,1770417790947,1.4825
0.991,0.003,0.997,0.009,1770417790948,1.4825
0.991,0.003,0.997,0.008,1770417802965,1.4831
0.992,0.003,0.997,0.008,1770417803253,1.483
0.992,0.003,0.997,0.005,1770417807994,1.4829
0.995,0.003,0.997,0.005,1770417807995,1.4829
0.997,0.003,0.998,0.005,1770417827099,1.4859
0.997,0.002,0.998,0.003,1770417827115,1.4859
0.997,0.001,0.998,0.003,1770417847450,1.4849
0.997,0.001,0.999,0.003,1770417847471,1.4849
0.996,0.001,0.999,0.003,1770417857363,1.4839
0.996,0.001,0.999,0.004,1770417857500,1.4839
0.999,0.001,1.0,0.004,1770417881481,1.4814
0.999,0.0,1.0,0.001,1770417881569,1.4814
0.46,0.52,0.48,0.54,1770417922483,1.4813
0.46,0.51,0.48,0.54,1770417922494,1.4813
0.46,0.51,0.49,0.54,1770417922495,1.4813
0.46,0.5,0.49,0.54,1770417922498,1.4813
0.47,0.5,0.5,0.53,1770417922499,1.4813
0.47,0.49,0.51,0.53,1770417922500,1.4813
0.48,0.49,0.51,0.52,1770417922507,1.4813
0.49,0.49,0.51,0.52,1770417922509,1.4813
0.49,0.49,0.51,0.51,1770417922517,1.4813
0.5,0.49,0.51,0.51,1770417922553,1.4813
0.5,0.49,0.51,0.5,1770417922557,1.4813
0.5,0.48,0.51,0.5,1770417924917,1.4814
0.5,0.48,0.52,0.5,1770417924918,1.4814
0.51,0.48,0.52,0.5,1770417924925,1.4814
0.51,0.48,0.52,0.49,1770417924938,1.4814
0.51,0.46,0.52,0.49,1770417926588,1.4819
0.51,0.46,0.54,0.49,1770417926602,1.4819
0.52,0.46,0.54,0.49,1770417926607,1.4819
0.52,0.46,0.54,0.48,1770417926611,1.4819
0.53,0.46,0.54,0.48,1770417926635,1.4819
0.53,0.46,0.54,0.47,1770417926636,1.4819
0.51,0.46,0.54,0.47,1770417927784,1.4817
0.51,0.47,0.54,0.49,1770417927789,1.4817
0.51,0.47,0.53,0.49,1770417927792,1.4817
0.5,0.47,0.53,0.49,1770417927868,1.4817
0.5,0.47,0.53,0.5,1770417927869,1.4817
0.49,0.47,0.53,0.5,1770417928179,1.4817
0.49,0.47,0.53,0.51,1770417928203,1.4817
0.49,0.48,0.53,0.51,1770417928206,1.4817
0.49,0.48,0.52,0.51,1770417928209,1.4817
0.5,0.48,0.52,0.51,1770417928263,1.4817
0.5,0.48,0.52,0.5,1770417928270,1.4817
0.46,0.48,0.52,0.5,1770417928297,1.4817
0.46,0.48,0.52,0.54,1770417928298,1.4817
0.48,0.48,0.52,0.54,1770417928314,1.4817
0.48,0.48,0.52,0.52,1770417928321,1.4817
0.48,0.49,0.52,0.52,1770417928325,1.4817
0.48,0.49,0.51,0.52,1770417928326,1.4817
0.48,0.5,0.51,0.52,1770417928358,1.4819
0.48,0.5,0.5,0.52,1770417928359,1.4819
0.48,0.51,0.49,0.52,1770417928360,1.4819
0.48,0.51,0.53,0.52,1770417928827,1.4819
0.49,0.47,0.53,0.52,1770417928833,1.4819
0.49,0.47,0.53,0.51,1770417928846,1.4819
0.5,0.47,0.53,0.51,1770417928880,1.4819
0.5,0.48,0.52,0.5,1770417928892,1.4819
0.51,0.48,0.52,0.5,1770417928893,1.4819
0.51,0.48,0.52,0.49,1770417928960,1.4819
0.5,0.48,0.52,0.49,1770417929412,1.4817
0.5,0.49,0.51,0.5,1770417929414,1.4817
0.49,0.49,0.51,0.5,1770417929443,1.4817
0.49,0.49,0.51,0.51,1770417929459,1.4817
0.49,0.5,0.51,0.51,1770417929476,1.4817
0.49,0.5,0.5,0.51,1770417929495,1.4817
0.49,0.49,0.5,0.51,1770417930044,1.4817
0.5,0.49,0.51,0.51,1770417930049,1.4817
0.5,0.49,0.51,0.5,1770417930050,1.4817
0.49,0.49,0.51,0.5,1770417930152,1.4817
0.49,0.49,0.51,0.51,1770417930153,1.4817
0.49,0.5,0.51,0.51,1770417930303,1.4815
0.49,0.5,0.5,0.51,1770417930304,1.4815
0.49,0.49,0.5,0.51,1770417930431,1.4815
0.5,0.49,0.51,0.51,1770417930437,1.4815
0.5,0.49,0.51,0.5,1770417930439,1.4815
0.49,0.49,0.51,0.5,1770417930664,1.4815
0.49,0.49,0.51,0.51,1770417930666,1.4815
0.49,0.5,0.51,0.51,1770417930669,1.4815
0.49,0.5,0.5,0.51,1770417930670,1.4815
0.49,0.49,0.5,0.51,1770417930788,1.4815
0.49,0.49,0.51,0.51,1770417930790,1.4815
0.5,0.49,0.51,0.51,1770417930793,1.4815
0.5,0.49,0.51,0.5,1770417930796,1.4815
0.49,0.49,0.51,0.5,1770417931024,1.4815
0.49,0.5,0.51,0.51,1770417931026,1.4815
0.49,0.5,0.5,0.51,1770417931027,1.4815
0.45,0.5,0.5,0.51,1770417931445,1.4815
0.45,0.5,0.5,0.55,1770417931446,1.4815
0.45,0.52,0.5,0.55,1770417931464,1.4815
0.45,0.52,0.48,0.55,1770417931466,1.4815
0.45,0.53,0.48,0.55,1770417931505,1.4815
0.45,0.53,0.47,0.55,1770417931519,1.4815
0.46,0.53,0.47,0.55,1770417931552,1.4815
0.46,0.53,0.47,0.54,1770417931553,1.4815
0.46,0.52,0.47,0.54,1770417932443,1.4814
0.47,0.52,0.48,0.54,1770417932446,1.4814
0.47,0.52,0.48,0.53,1770417932451,1.4814
0.47,0.51,0.48,0.53,1770417932455,1.4814
0.47,0.51,0.49,0.53,1770417932456,1.4814
0.48,0.51,0.49,0.53,1770417932469,1.4814
0.48,0.51,0.49,0.52,1770417932475,1.4814
0.46,0.51,0.49,0.52,1770417932542,1.4814
0.46,0.51,0.49,0.54,1770417932553,1.4814
0.46,0.51,0.48,0.54,1770417932570,1.4814
0.46,0.52,0.48,0.54,1770417932587,1.4814
0.46,0.53,0.48,0.54,1770417932722,1.4814
0.46,0.53,0.47,0.54,1770417932725,1.4814
0.46,0.52,0.47,0.54,1770417932844,1.4814
0.46,0.52,0.48,0.54,1770417932845,1.4814
0.47,0.52,0.48,0.54,1770417932857,1.4814
0.47,0.52,0.48,0.53,1770417932858,1.4814
0.46,0.52,0.48,0.53,1770417933069,1.4814
0.46,0.52,0.48,0.54,1770417933070,1.4814
0.46,0.53,0.48,0.54,1770417933286,1.4814
0.46,0.53,0.47,0.54,1770417933287,1.4814
0.46,0.52,0.47,0.54,1770417933420,1.4814
0.46,0.52,0.48,0.54,1770417933421,1.4814
0.47,0.52,0.48,0.54,1770417933425,1.4814
0.47,0.52,0.48,0.53,1770417933426,1.4814
0.47,0.52,0.49,0.53,1770417933638,1.4814
0.47,0.51,0.49,0.53,1770417933644,1.4814
0.48,0.51,0.49,0.53,1770417933645,1.4814
0.48,0.51,0.49,0.52,1770417933653,1.4814
0.48,0.5,0.49,0.52,1770417934796,1.4816
0.48,0.5,0.5,0.52,1770417934797,1.4816
0.49,0.5,0.5,0.52,1770417934808,1.4816
0.49,0.5,0.5,0.51,1770417934823,1.4816
0.47,0.5,0.5,0.51,1770417935891,1.4816
0.47,0.5,0.5,0.53,1770417935892,1.4816
0.47,0.51,0.5,0.53,1770417935903,1.4816
0.48,0.51,0.49,0.53,1770417935905,1.4816
0.48,0.51,0.49,0.52,1770417935907,1.4816
0.47,0.51,0.49,0.52,1770417935970,1.4816
0.47,0.52,0.49,0.53,1770417935983,1.4816
0.47,0.52,0.48,0.53,1770417935985,1.4816
0.46,0.52,0.48,0.53,1770417936014,1.4816
0.46,0.52,0.48,0.54,1770417936018,1.4816
0.46,0.53,0.48,0.54,1770417936121,1.4816
0.46,0.53,0.47,0.54,1770417936124,1.4816
0.46,0.52,0.47,0.54,1770417936692,1.4816
0.46,0.52,0.48,0.54,1770417936693,1.4816
0.47,0.52,0.48,0.54,1770417936705,1.4816
0.47,0.52,0.48,0.53,1770417936706,1.4816
0.47,0.51,0.48,0.53,1770417936734,1.4816
0.47,0.49,0.49,0.53,1770417936739,1.4816
0.47,0.52,0.51,0.53,1770417936744,1.4816
0.47,0.52,0.48,0.53,1770417936764,1.4816
0.47,0.5,0.48,0.53,1770417936793,1.4816
0.47,0.5,0.5,0.53,1770417936803,1.4816
0.47,0.51,0.5,0.53,1770417936805,1.4816
0.47,0.51,0.49,0.53,1770417936811,1.4816
0.48,0.51,0.49,0.53,1770417936855,1.4816
0.48,0.51,0.49,0.52,1770417936856,1.4816
0.48,0.5,0.49,0.52,1770417936950,1.4816
0.48,0.5,0.5,0.52,1770417936951,1.4816
0.48,0.49,0.5,0.52,1770417937179,1.4816
0.48,0.49,0.51,0.52,1770417937200,1.4816
0.48,0.5,0.51,0.52,1770417937421,1.4815
0.48,0.5,0.5,0.52,1770417937422,1.4815
0.48,0.51,0.5,0.52,1770417937492,1.4815
0.48,0.51,0.49,0.52,1770417937517,1.4815
0.45,0.51,0.49,0.52,1770417937546,1.4815
0.45,0.51,0.49,0.55,1770417937547,1.4815
0.47,0.51,0.49,0.55,1770417937548,1.4815
0.47,0.51,0.49,0.53,1770417937549,1.4815
0.48,0.51,0.49,0.52,1770417937550,1.4815
0.47,0.51,0.49,0.52,1770417937618,1.4815
0.47,0.51,0.49,0.53,1770417937619,1.4815
0.47,0.52,0.49,0.53,1770417937632,1.4815
0.47,0.52,0.48,0.53,1770417937633,1.4815
0.46,0.52,0.48,0.53,1770417937670,1.4815
0.46,0.52,0.48,0.54,1770417937675,1.4815
0.46,0.53,0.48,0.54,1770417938240,1.4815
0.46,0.53,0.47,0.54,1770417938242,1.4815
0.46,0.52,0.47,0.54,1770417938797,1.4815
0.46,0.51,0.48,0.54,1770417938798,1.4815
0.46,0.51,0.49,0.54,1770417938799,1.4815
0.47,0.51,0.49,0.53,1770417938800,1.4815
0.48,0.51,0.49,0.53,1770417938836,1.4815
0.48,0.51,0.49,0.52,1770417938842,1.4815
0.47,0.51,0.49,0.52,1770417939901,1.4819
0.47,0.51,0.49,0.53,1770417939902,1.4819
0.47,0.52,0.49,0.53,1770417940020,1.4819
0.47,0.52,0.48,0.53,1770417940022,1.4819
0.46,0.52,0.48,0.53,1770417940150,1.4819
0.46,0.53,0.47,0.54,1770417940153,1.4819
0.46,0.52,0.47,0.54,1770417940797,1.4816
0.46,0.52,0.48,0.54,1770417940802,1.4816
0.46,0.5,0.48,0.54,1770417940805,1.4816
0.46,0.5,0.5,0.54,1770417940806,1.4816
0.46,0.51,0.5,0.54,1770417940859,1.4816
0.46,0.52,0.49,0.54,1770417940863,1.4816
0.46,0.52,0.48,0.54,1770417940865,1.4816
0.47,0.52,0.48,0.54,1770417940872,1.4816
0.47,0.52,0.48,0.53,1770417940876,1.4816
0.46,0.52,0.48,0.53,1770417940900,1.4816
0.46,0.52,0.48,0.54,1770417940902,1.4816
0.46,0.53,0.48,0.54,1770417940904,1.4816
0.46,0.53,0.47,0.54,1770417940905,1.4816
0.44,0.53,0.47,0.54,1770417941228,1.4816
0.44,0.53,0.47,0.56,1770417941229,1.4816
0.44,0.54,0.46,0.56,1770417941239,1.4815
0.43,0.54,0.46,0.56,1770417941257,1.4815
0.43,0.54,0.46,0.57,1770417941295,1.4815
0.43,0.56,0.46,0.57,1770417941336,1.4815
0.43,0.56,0.44,0.57,1770417941378,1.4815
0.43,0.54,0.44,0.57,1770417941758,1.4815
0.43,0.54,0.46,0.57,1770417941759,1.4815
0.44,0.54,0.46,0.57,1770417941762,1.4815
0.44,0.54,0.46,0.56,1770417941777,1.4815
0.44,0.53,0.46,0.56,1770417941794,1.4815
0.44,0.53,0.47,0.56,1770417941795,1.4815
0.44,0.55,0.47,0.56,1770417941820,1.4815
0.44,0.55,0.45,0.56,1770417941823,1.4815
0.45,0.55,0.47,0.56,1770417941891,1.4815
0.45,0.53,0.47,0.55,1770417941901,1.4815
0.45,0.54,0.47,0.55,1770417941977,1.4815
0.45,0.54,0.46,0.55,1770417941983,1.4815
0.43,0.54,0.46,0.55,1770417942620,1.4816
0.43,0.55,0.46,0.57,1770417942623,1.4816
0.43,0.55,0.45,0.57,1770417942630,1.4816
0.43,0.54,0.45,0.57,1770417942836,1.4816
0.43,0.54,0.46,0.57,1770417942866,1.4816
0.45,0.54,0.46,0.57,1770417942876,1.4816
0.45,0.54,0.46,0.55,1770417942880,1.4816
0.45,0.53,0.46,0.55,1770417943701,1.4811
0.45,0.53,0.47,0.55,1770417943702,1.4811
0.46,0.53,0.47,0.55,1770417943739,1.4811
0.46,0.53,0.47,0.54,1770417943756,1.4811
0.43,0.53,0.47,0.54,1770417944580,1.4812
0.43,0.53,0.47,0.57,1770417944581,1.4812
0.43,0.54,0.47,0.57,1770417944588,1.4812
0.43,0.54,0.46,0.57,1770417944591,1.4812
0.43,0.55,0.46,0.57,1770417944655,1.4812
0.43,0.55,0.45,0.57,1770417944672,1.4812
0.43,0.56,0.45,0.57,1770417944707,1.4812
0.43,0.56,0.44,0.57,1770417944712,1.4812
0.43,0.56,0.46,0.57,1770417944810,1.4812
0.43,0.54,0.48,0.57,1770417944816,1.4812
0.43,0.52,0.48,0.57,1770417944817,1.4812
0.43,0.51,0.48,0.57,1770417944825,1.4812
0.43,0.51,0.49,0.57,1770417944826,1.4812
0.44,0.51,0.49,0.57,1770417944834,1.4812
0.44,0.51,0.49,0.56,1770417944835,1.4812
0.44,0.55,0.49,0.56,1770417944838,1.4812
0.44,0.55,0.45,0.56,1770417944842,1.4812
0.43,0.55,0.45,0.56,1770417945120,1.4812
0.43,0.55,0.45,0.57,1770417945121,1.4812
0.43,0.54,0.45,0.57,1770417945267,1.4804
0.43,0.54,0.46,0.57,1770417945279,1.4804
0.43,0.56,0.46,0.57,1770417945320,1.4804
0.43,0.56,0.44,0.57,1770417945324,1.4804
0.42,0.56,0.44,0.57,1770417949631,1.4804
0.42,0.56,0.44,0.58,1770417949632,1.4804
0.42,0.57,0.44,0.58,1770417949640,1.4804
0.42,0.57,0.43,0.58,1770417949641,1.4804
0.42,0.56,0.43,0.58,1770417949860,1.4804
0.42,0.56,0.44,0.58,1770417949861,1.4804
0.43,0.56,0.44,0.58,1770417949874,1.4804
0.43,0.56,0.44,0.57,1770417949875,1.4804
0.42,0.56,0.44,0.57,1770417950339,1.4804
0.42,0.56,0.44,0.58,1770417950340,1.4804
0.42,0.57,0.44,0.58,1770417950347,1.4804
0.42,0.57,0.43,0.58,1770417950361,1.4804
0.42,0.56,0.43,0.58,1770417950579,1.4804
0.42,0.56,0.44,0.58,1770417950580,1.4804
0.43,0.56,0.44,0.58,1770417950871,1.4804
0.43,0.56,0.44,0.57,1770417950872,1.4804
0.42,0.56,0.44,0.57,1770417951008,1.4804
0.43,0.56,0.44,0.57,1770417951010,1.4804
0.42,0.56,0.44,0.57,1770417951173,1.4804
0.42,0.56,0.44,0.58,1770417951178,1.4804
0.43,0.56,0.44,0.58,1770417951443,1.4806
0.43,0.56,0.44,0.57,1770417951445,1.4806
0.42,0.56,0.44,0.57,1770417951708,1.4806
0.42,0.56,0.44,0.58,1770417951729,1.4806
0.43,0.56,0.44,0.58,1770417951922,1.4806
0.43,0.56,0.44,0.57,1770417951923,1.4806
0.42,0.56,0.44,0.57,1770417951945,1.4806
0.42,0.56,0.44,0.58,1770417951946,1.4806
0.43,0.56,0.44,0.58,1770417952063,1.4806
0.43,0.56,0.44,0.57,1770417952072,1.4806
0.42,0.56,0.44,0.57,1770417952918,1.4804
0.42,0.57,0.44,0.58,1770417952923,1.4804
0.42,0.57,0.43,0.58,1770417952924,1.4804
0.42,0.56,0.43,0.58,1770417953152,1.4804
0.42,0.56,0.44,0.58,1770417953171,1.4804
0.43,0.56,0.44,0.58,1770417953366,1.4805
0.43,0.56,0.44,0.57,1770417953394,1.4805
0.42,0.56,0.44,0.57,1770417953807,1.4805
0.42,0.57,0.43,0.58,1770417953808,1.4805
0.42,0.56,0.43,0.58,1770417954024,1.4805
0.43,0.56,0.44,0.57,1770417954026,1.4805
0.42,0.56,0.44,0.57,1770417954249,1.4805
0.42,0.56,0.44,0.58,1770417954253,1.4805
0.42,0.57,0.44,0.58,1770417954255,1.4805
0.42,0.57,0.43,0.58,1770417954256,1.4805
0.42,0.56,0.43,0.58,1770417954793,1.4803
0.42,0.56,0.44,0.58,1770417954794,1.4803
0.43,0.56,0.44,0.58,1770417954797,1.4803
0.43,0.56,0.44,0.57,1770417954802,1.4803
0.42,0.56,0.44,0.57,1770417955014,1.4803
0.42,0.57,0.44,0.58,1770417955015,1.4803
0.42,0.57,0.43,0.58,1770417955020,1.4803
0.41,0.57,0.43,0.58,1770417960377,1.4794
0.41,0.57,0.43,0.59,1770417960378,1.4794
0.41,0.58,0.43,0.59,1770417960383,1.4794
0.41,0.58,0.42,0.59,1770417960394,1.4794
0.4,0.58,0.42,0.59,1770417961432,1.4795
0.4,0.59,0.42,0.6,1770417961434,1.4795
0.4,0.59,0.41,0.6,1770417961435,1.4795
0.4,0.58,0.41,0.6,1770417961762,1.4795
0.4,0.58,0.42,0.6,1770417961774,1.4795
0.4,0.59,0.42,0.6,1770417961781,1.4795
0.4,0.59,0.41,0.6,1770417961782,1.4795
0.4,0.58,0.41,0.6,1770417961836,1.4795
0.4,0.58,0.42,0.6,1770417961838,1.4795
0.4,0.59,0.42,0.6,1770417961877,1.4795
0.4,0.59,0.41,0.6,1770417961882,1.4795
0.4,0.58,0.41,0.6,1770417962191,1.4795
0.4,0.59,0.42,0.6,1770417962196,1.4795
0.4,0.59,0.41,0.6,1770417962205,1.4795
0.39,0.59,0.41,0.6,1770417964168,1.4792
0.39,0.59,0.41,0.61,1770417964178,1.4792
0.39,0.6,0.41,0.61,1770417964180,1.4792
0.39,0.6,0.4,0.61,1770417964185,1.4792
0.38,0.6,0.4,0.61,1770417964410,1.479
0.38,0.6,0.4,0.62,1770417964411,1.479
0.38,0.61,0.4,0.62,1770417964418,1.479
0.38,0.61,0.39,0.62,1770417964420,1.479
0.38,0.6,0.39,0.62,1770417964717,1.479
0.38,0.6,0.4,0.62,1770417964744,1.479
0.38,0.6,0.41,0.62,1770417964835,1.479
0.38,0.59,0.41,0.62,1770417964839,1.479
0.38,0.6,0.41,0.62,1770417964876,1.479
0.38,0.6,0.4,0.62,1770417964893,1.479
0.39,0.6,0.4,0.62,1770417965037,1.479
0.39,0.6,0.4,0.61,1770417965038,1.479
0.38,0.6,0.4,0.61,1770417965155,1.479
0.38,0.61,0.39,0.62,1770417965158,1.479
0.38,0.6,0.39,0.62,1770417965367,1.4793
0.38,0.6,0.4,0.62,1770417965389,1.4793
0.39,0.6,0.4,0.62,1770417965678,1.4793
0.39,0.6,0.4,0.61,1770417965682,1.4793
0.38,0.6,0.4,0.61,1770417965715,1.4793
0.39,0.6,0.4,0.62,1770417965731,1.4793
0.38,0.6,0.4,0.62,1770417965776,1.4793
0.38,0.61,0.39,0.62,1770417965777,1.4793
0.38,0.6,0.39,0.62,1770417965960,1.4793
0.38,0.6,0.4,0.62,1770417965961,1.4793
0.38,0.6,0.39,0.62,1770417966007,1.4793
0.38,0.61,0.39,0.62,1770417966022,1.4793
0.38,0.6,0.39,0.62,1770417966226,1.4793
0.39,0.6,0.4,0.62,1770417966228,1.4793
0.39,0.6,0.4,0.61,1770417966268,1.4789
0.38,0.6,0.4,0.61,1770417966438,1.4789
0.38,0.6,0.4,0.62,1770417966440,1.4789
0.38,0.61,0.4,0.62,1770417966448,1.4789
0.38,0.61,0.39,0.62,1770417966449,1.4789
0.38,0.6,0.39,0.62,1770417966668,1.4789
0.39,0.6,0.4,0.62,1770417966672,1.4789
0.39,0.6,0.4,0.61,1770417966675,1.4789
0.38,0.6,0.4,0.61,1770417966888,1.4789
0.38,0.61,0.4,0.62,1770417966890,1.4789
0.38,0.61,0.39,0.62,1770417966902,1.4789
0.38,0.6,0.39,0.62,1770417967113,1.4789
0.38,0.6,0.4,0.62,1770417967114,1.4789
0.37,0.6,0.4,0.62,1770417967117,1.4789
0.37,0.6,0.4,0.63,1770417967118,1.4789
0.38,0.6,0.4,0.63,1770417967119,1.4789
0.38,0.6,0.4,0.62,1770417967120,1.4789
0.38,0.61,0.4,0.62,1770417967184,1.4789
0.38,0.61,0.39,0.62,1770417967185,1.4789
0.38,0.6,0.39,0.62,1770417967274,1.4791
0.38,0.6,0.4,0.62,1770417967279,1.4791
0.38,0.61,0.4,0.62,1770417967505,1.4791
0.38,0.61,0.39,0.62,1770417967510,1.4791
0.37,0.61,0.39,0.62,1770417967913,1.4791
0.37,0.61,0.39,0.63,1770417967914,1.4791
0.37,0.62,0.39,0.63,1770417967917,1.4791
0.37,0.62,0.38,0.63,1770417967921,1.4791
0.37,0.61,0.38,0.63,1770417968171,1.4791
0.37,0.61,0.39,0.63,1770417968172,1.4791
0.37,0.62,0.39,0.63,1770417968677,1.4789
0.37,0.62,0.38,0.63,1770417968680,1.4789
0.37,0.61,0.38,0.63,1770417969160,1.4789
0.37,0.61,0.39,0.63,1770417969185,1.4789
0.37,0.62,0.39,0.63,1770417969321,1.4789
0.37,0.62,0.38,0.63,1770417969380,1.4789
0.37,0.61,0.38,0.63,1770417969415,1.4789
0.37,0.61,0.39,0.63,1770417969421,1.4789
0.37,0.62,0.39,0.63,1770417969492,1.4789
0.37,0.62,0.38,0.63,1770417969493,1.4789
0.36,0.62,0.38,0.63,1770417970012,1.4789
0.36,0.62,0.38,0.64,1770417970013,1.4789
0.36,0.63,0.38,0.64,1770417970019,1.4789
0.36,0.63,0.37,0.64,1770417970023,1.4789
0.36,0.62,0.37,0.64,1770417970049,1.4789
0.36,0.62,0.38,0.64,1770417970050,1.4789
0.36,0.63,0.37,0.64,1770417970051,1.4789
0.35,0.63,0.37,0.64,1770417970633,1.4783
0.35,0.63,0.37,0.65,1770417970634,1.4783
0.35,0.64,0.37,0.65,1770417970647,1.4783
0.35,0.64,0.36,0.65,1770417970660,1.4783
0.35,0.63,0.36,0.65,1770417972495,1.4785
0.35,0.63,0.37,0.65,1770417972499,1.4785
0.36,0.63,0.37,0.65,1770417972639,1.4785
0.36,0.63,0.37,0.64,1770417972646,1.4785
0.35,0.63,0.37,0.64,1770417972859,1.4785
0.35,0.63,0.37,0.65,1770417972865,1.4785
0.35,0.64,0.37,0.65,1770417972874,1.4785
0.35,0.64,0.36,0.65,1770417972879,1.4785
0.34,0.64,0.36,0.65,1770417973148,1.4785
0.34,0.65,0.36,0.66,1770417973150,1.4785
0.34,0.65,0.35,0.66,1770417973151,1.4785
0.34,0.64,0.35,0.66,1770417973728,1.4782
0.34,0.64,0.36,0.66,1770417973730,1.4782
0.34,0.64,0.36,0.65,1770417973755,1.4782
0.35,0.64,0.36,0.65,1770417973761,1.4782
0.34,0.64,0.36,0.65,1770417974170,1.4782
0.34,0.64,0.36,0.66,1770417974172,1.4782
0.34,0.65,0.36,0.66,1770417974174,1.4782
0.34,0.65,0.35,0.66,1770417974175,1.4782
0.34,0.64,0.35,0.66,1770417974396,1.4783
0.34,0.64,0.36,0.66,1770417974403,1.4783
0.35,0.64,0.36,0.66,1770417974423,1.4783
0.35,0.64,0.36,0.65,1770417974435,1.4783
0.35,0.63,0.36,0.65,1770417974863,1.4783
0.35,0.63,0.37,0.65,1770417974889,1.4783
0.35,0.63,0.37,0.64,1770417974894,1.4783
0.36,0.63,0.37,0.64,1770417974896,1.4783
0.35,0.63,0.37,0.64,1770417975034,1.4783
0.35,0.63,0.37,0.65,1770417975035,1.4783
0.35,0.64,0.37,0.65,1770417975042,1.4783
0.35,0.64,0.36,0.65,1770417975044,1.4783
0.35,0.63,0.36,0.65,1770417975255,1.4784
0.35,0.63,0.37,0.65,1770417975256,1.4784
0.36,0.63,0.37,0.65,1770417975295,1.4784
0.36,0.63,0.37,0.64,1770417975296,1.4784
0.36,0.62,0.37,0.64,1770417975319,1.4784
0.36,0.62,0.38,0.64,1770417975332,1.4784
0.35,0.62,0.38,0.64,1770417975335,1.4784
0.35,0.62,0.38,0.65,1770417975336,1.4784
0.35,0.64,0.38,0.65,1770417975341,1.4784
0.35,0.64,0.36,0.65,1770417975342,1.4784
0.35,0.63,0.36,0.65,1770417975554,1.4784
0.35,0.63,0.37,0.65,1770417975567,1.4784
0.35,0.64,0.37,0.65,1770417975570,1.4784
0.35,0.64,0.36,0.65,1770417975571,1.4784
0.34,0.64,0.36,0.65,1770417975599,1.4784
0.34,0.64,0.36,0.66,1770417975600,1.4784
0.34,0.65,0.36,0.66,1770417975609,1.4784
0.34,0.65,0.35,0.66,1770417975614,1.4784
0.34,0.64,0.35,0.66,1770417975824,1.4784
0.34,0.65,0.36,0.66,1770417975847,1.4784
0.34,0.65,0.35,0.66,1770417975849,1.4784
0.34,0.64,0.35,0.66,1770417976329,1.4784
0.34,0.65,0.36,0.66,1770417976330,1.4784
0.34,0.65,0.35,0.66,1770417976338,1.4784
0.34,0.64,0.35,0.66,1770417976470,1.4784
0.34,0.64,0.36,0.66,1770417976471,1.4784
0.34,0.65,0.36,0.66,1770417976934,1.4784
0.34,0.65,0.35,0.66,1770417976936,1.4784
0.34,0.64,0.35,0.66,1770417977153,1.4784
0.34,0.64,0.36,0.66,1770417977154,1.4784
0.34,0.65,0.36,0.66,1770417977196,1.4784
0.34,0.65,0.35,0.66,1770417977348,1.478
0.34,0.64,0.35,0.66,1770417977459,1.478
0.34,0.64,0.36,0.66,1770417977473,1.478
0.34,0.65,0.36,0.66,1770417977635,1.478
0.34,0.65,0.35,0.66,1770417977652,1.478
0.34,0.64,0.35,0.66,1770417977744,1.478
0.34,0.64,0.36,0.66,1770417977771,1.478
0.34,0.65,0.36,0.66,1770417977881,1.478
0.34,0.65,0.35,0.66,1770417977885,1.478
0.33,0.65,0.35,0.66,1770417982619,1.478
0.33,0.65,0.35,0.67,1770417982620,1.478
0.33,0.66,0.35,0.67,1770417982624,1.478
0.33,0.66,0.34,0.67,1770417982637,1.478
0.32,0.66,0.34,0.67,1770417984232,1.4777
0.32,0.67,0.34,0.68,1770417984240,1.4777
0.32,0.67,0.33,0.68,1770417984241,1.4777
0.31,0.67,0.33,0.68,1770417986405,1.4774
0.31,0.67,0.33,0.69,1770417986406,1.4774
0.31,0.68,0.33,0.69,1770417986417,1.4774
0.31,0.68,0.32,0.69,1770417986422,1.4774
0.3,0.68,0.31,0.69,1770417991732,1.4771
0.3,0.69,0.31,0.7,1770417991735,1.4771
0.29,0.69,0.31,0.7,1770417993035,1.477
0.29,0.7,0.31,0.71,1770417993038,1.477
0.29,0.7,0.3,0.71,1770417993043,1.477
0.28,0.7,0.29,0.71,1770417994392,1.4768
0.28,0.71,0.29,0.72,1770417994396,1.4768
0.27,0.71,0.29,0.72,1770418000773,1.4765
0.27,0.72,0.29,0.73,1770418000775,1.4765
0.27,0.72,0.28,0.73,1770418000783,1.4765
0.25,0.72,0.26,0.73,1770418002324,1.4764
0.25,0.74,0.26,0.75,1770418002325,1.4764
0.25,0.74,0.27,0.75,1770418002476,1.4764
0.25,0.73,0.27,0.75,1770418002477,1.4764
0.24,0.73,0.25,0.75,1770418003022,1.4764
0.24,0.75,0.25,0.76,1770418003030,1.4764
0.24,0.74,0.25,0.76,1770418003730,1.4761
0.24,0.74,0.26,0.76,1770418003733,1.4761
0.24,0.75,0.25,0.76,1770418003735,1.4761
0.24,0.73,0.25,0.76,1770418003863,1.4761
0.24,0.73,0.27,0.76,1770418003870,1.4761
0.24,0.73,0.27,0.75,1770418003889,1.4761
0.25,0.73,0.27,0.75,1770418003895,1.4761
0.26,0.73,0.27,0.75,1770418004002,1.4761
0.26,0.73,0.27,0.74,1770418004003,1.4761
0.23,0.73,0.27,0.74,1770418004021,1.4761
0.23,0.73,0.27,0.77,1770418004022,1.4761
0.23,0.74,0.27,0.77,1770418004034,1.4761
0.23,0.74,0.26,0.77,1770418004035,1.4761
0.23,0.74,0.26,0.76,1770418004044,1.4761
0.23,0.74,0.26,0.75,1770418004050,1.4761
0.23,0.74,0.26,0.77,1770418004051,1.4761
0.23,0.75,0.26,0.77,1770418004108,1.4761
0.24,0.75,0.25,0.77,1770418004143,1.4761
0.24,0.75,0.25,0.76,1770418004144,1.4761
0.24,0.72,0.25,0.76,1770418004678,1.4762
0.24,0.72,0.28,0.76,1770418004679,1.4762
0.25,0.72,0.28,0.76,1770418004707,1.4762
0.25,0.72,0.28,0.75,1770418004726,1.4762
0.25,0.72,0.26,0.75,1770418005073,1.4762
0.25,0.74,0.26,0.75,1770418005077,1.4762
0.25,0.74,0.27,0.75,1770418005520,1.4763
0.25,0.73,0.27,0.75,1770418005521,1.4763
0.25,0.72,0.27,0.75,1770418005532,1.4763
0.25,0.72,0.28,0.75,1770418005533,1.4763
0.26,0.72,0.28,0.75,1770418005540,1.4763
0.26,0.72,0.28,0.74,1770418005541,1.4763
0.27,0.72,0.28,0.74,1770418005574,1.4763
0.27,0.72,0.28,0.73,1770418005576,1.4763
0.27,0.71,0.28,0.73,1770418005623,1.4763
0.27,0.71,0.29,0.73,1770418005624,1.4763
0.28,0.71,0.29,0.73,1770418005666,1.4763
0.28,0.71,0.29,0.72,1770418005668,1.4763
0.28,0.69,0.29,0.72,1770418006026,1.4763
0.28,0.69,0.31,0.72,1770418006027,1.4763
0.29,0.69,0.31,0.72,1770418006051,1.4763
0.29,0.69,0.31,0.71,1770418006053,1.4763
0.3,0.69,0.31,0.71,1770418006054,1.4763
0.3,0.69,0.31,0.7,1770418006055,1.4763
0.3,0.69,0.32,0.7,1770418006356,1.4772
0.3,0.68,0.32,0.7,1770418006357,1.4772
0.3,0.69,0.32,0.7,1770418006405,1.4772
0.3,0.69,0.31,0.7,1770418006406,1.4772
0.3,0.69,0.32,0.7,1770418007485,1.4771
0.3,0.68,0.32,0.7,1770418007486,1.4771
0.31,0.68,0.32,0.7,1770418007571,1.4771
0.31,0.68,0.32,0.69,1770418007574,1.4771
0.31,0.67,0.32,0.69,1770418007737,1.4771
0.32,0.67,0.33,0.69,1770418007743,1.4771
0.32,0.67,0.33,0.68,1770418007754,1.4771
0.32,0.66,0.33,0.68,1770418010461,1.4774
0.32,0.66,0.34,0.68,1770418010469,1.4774
0.32,0.67,0.34,0.68,1770418010613,1.4774
0.32,0.67,0.33,0.68,1770418010643,1.4774
0.32,0.66,0.33,0.68,1770418010664,1.4774
0.32,0.66,0.34,0.68,1770418010665,1.4774
0.33,0.66,0.34,0.68,1770418010722,1.4774
0.33,0.66,0.34,0.67,1770418010723,1.4774
0.32,0.66,0.34,0.67,1770418010840,1.4774
0.32,0.66,0.34,0.68,1770418010842,1.4774
0.32,0.67,0.34,0.68,1770418010848,1.4774
0.32,0.67,0.33,0.68,1770418010849,1.4774
0.32,0.66,0.33,0.68,1770418011067,1.4774
0.32,0.66,0.34,0.68,1770418011068,1.4774
0.33,0.66,0.34,0.68,1770418011075,1.4774
0.33,0.66,0.34,0.67,1770418011078,1.4774
0.32,0.66,0.34,0.67,1770418011214,1.4774
0.32,0.66,0.34,0.68,1770418011216,1.4774
0.33,0.66,0.34,0.68,1770418011693,1.4775
0.33,0.66,0.34,0.67,1770418011697,1.4775
0.33,0.65,0.34,0.67,1770418018998,1.4775
0.34,0.65,0.35,0.67,1770418018999,1.4775
0.34,0.65,0.35,0.66,1770418019000,1.4775
0.34,0.65,0.36,0.66,1770418019353,1.4779
0.34,0.64,0.36,0.66,1770418019354,1.4779
0.35,0.64,0.36,0.66,1770418019359,1.4779
0.35,0.64,0.36,0.65,1770418019360,1.4779
0.35,0.63,0.36,0.65,1770418019862,1.4779
0.35,0.63,0.37,0.65,1770418019866,1.4779
0.36,0.63,0.37,0.65,1770418019891,1.4779
0.36,0.63,0.37,0.64,1770418019892,1.4779
0.36,0.63,0.38,0.64,1770418020338,1.4783
0.36,0.62,0.38,0.64,1770418020343,1.4783
0.37,0.62,0.38,0.64,1770418020347,1.4783
0.37,0.62,0.38,0.63,1770418020368,1.4783
0.37,0.61,0.38,0.63,1770418020514,1.4783
0.38,0.61,0.39,0.63,1770418020517,1.4783
0.38,0.61,0.39,0.62,1770418020518,1.4783
0.38,0.6,0.39,0.62,1770418021022,1.4783
0.38,0.6,0.4,0.62,1770418021023,1.4783
0.38,0.61,0.4,0.62,1770418021071,1.4783
0.38,0.61,0.39,0.62,1770418021072,1.4783
0.38,0.6,0.39,0.62,1770418021127,1.4783
0.39,0.6,0.4,0.61,1770418021135,1.4783
0.38,0.6,0.4,0.61,1770418021356,1.4786
0.38,0.6,0.4,0.62,1770418021357,1.4786
0.38,0.61,0.4,0.62,1770418021375,1.4786
0.38,0.61,0.39,0.62,1770418021378,1.4786
0.37,0.61,0.39,0.62,1770418022508,1.4786
0.37,0.61,0.39,0.63,1770418022510,1.4786
0.37,0.62,0.39,0.63,1770418022519,1.4786
0.37,0.62,0.38,0.63,1770418022520,1.4786
0.36,0.62,0.38,0.63,1770418022575,1.4786
0.36,0.62,0.38,0.64,1770418022578,1.4786
0.36,0.63,0.38,0.64,1770418022579,1.4786
0.36,0.63,0.37,0.64,1770418022580,1.4786
0.36,0.62,0.37,0.64,1770418027453,1.4785
0.37,0.62,0.38,0.64,1770418027458,1.4785
0.37,0.62,0.38,0.63,1770418027464,1.4785
0.37,0.61,0.38,0.63,1770418028417,1.4788
0.37,0.61,0.39,0.63,1770418028418,1.4788
0.37,0.6,0.39,0.63,1770418028426,1.4788
0.37,0.6,0.4,0.63,1770418028434,1.4788
0.38,0.6,0.4,0.63,1770418028440,1.4788
0.38,0.6,0.4,0.62,1770418028441,1.4788
0.39,0.6,0.4,0.62,1770418028466,1.4788
0.39,0.6,0.4,0.61,1770418028470,1.4788
0.38,0.6,0.4,0.61,1770418028567,1.4788
0.38,0.6,0.4,0.62,1770418028568,1.4788
0.39,0.6,0.4,0.62,1770418028582,1.4788
0.39,0.6,0.4,0.61,1770418028587,1.4788
0.39,0.59,0.4,0.61,1770418031319,1.4792
0.39,0.59,0.41,0.61,1770418031323,1.4792
0.4,0.59,0.41,0.61,1770418031343,1.4792
0.4,0.59,0.41,0.6,1770418031349,1.4792
0.4,0.58,0.41,0.6,1770418032758,1.4793
0.41,0.58,0.42,0.6,1770418032768,1.4793
0.41,0.58,0.42,0.59,1770418032773,1.4793
0.4,0.58,0.42,0.59,1770418032976,1.4793
0.4,0.58,0.42,0.6,1770418032977,1.4793
0.4,0.59,0.42,0.6,1770418033038,1.4793
0.4,0.59,0.41,0.6,1770418033039,1.4793
0.4,0.58,0.41,0.6,1770418033302,1.4794
0.4,0.58,0.42,0.6,1770418033315,1.4794
0.4,0.59,0.42,0.6,1770418033445,1.4794
0.4,0.59,0.41,0.6,1770418033457,1.4794
0.4,0.58,0.41,0.6,1770418033766,1.4794
0.4,0.58,0.42,0.6,1770418033767,1.4794
0.41,0.58,0.42,0.6,1770418033811,1.4794
0.41,0.58,0.42,0.59,1770418033812,1.4794
0.41,0.57,0.42,0.59,1770418033892,1.4794
0.41,0.57,0.43,0.59,1770418033893,1.4794
0.42,0.57,0.43,0.59,1770418033894,1.4794
0.42,0.57,0.43,0.58,1770418033900,1.4794
0.42,0.56,0.43,0.58,1770418034721,1.4795
0.42,0.56,0.44,0.58,1770418034722,1.4795
0.43,0.56,0.44,0.58,1770418034724,1.4795
0.43,0.56,0.44,0.57,1770418034725,1.4795
0.43,0.55,0.44,0.57,1770418034751,1.4795
0.43,0.55,0.45,0.57,1770418034755,1.4795
0.43,0.56,0.45,0.57,1770418034788,1.4795
0.43,0.56,0.44,0.57,1770418034790,1.4795
0.43,0.55,0.44,0.57,1770418035811,1.4799
0.44,0.55,0.45,0.57,1770418035813,1.4799
0.44,0.55,0.45,0.56,1770418035820,1.4799
0.44,0.55,0.46,0.56,1770418035860,1.4799
0.44,0.54,0.46,0.56,1770418035861,1.4799
0.45,0.54,0.46,0.56,1770418035890,1.4799
0.45,0.54,0.46,0.55,1770418035891,1.4799
0.44,0.54,0.46,0.55,1770418036128,1.4799
0.44,0.54,0.46,0.56,1770418036129,1.4799
0.44,0.55,0.46,0.56,1770418036131,1.4799
0.44,0.55,0.45,0.56,1770418036140,1.4799
0.43,0.55,0.45,0.56,1770418036152,1.4799
0.43,0.55,0.45,0.57,1770418036153,1.4799
0.43,0.56,0.45,0.57,1770418036159,1.4799
0.43,0.56,0.44,0.57,1770418036160,1.4799
0.43,0.55,0.44,0.57,1770418036331,1.4799
0.43,0.55,0.45,0.57,1770418036333,1.4799
0.44,0.55,0.45,0.57,1770418036336,1.4799
0.44,0.55,0.45,0.56,1770418036344,1.4799
0.44,0.54,0.45,0.56,1770418036363,1.4799
0.44,0.54,0.46,0.56,1770418036367,1.4799
0.44,0.55,0.46,0.56,1770418036429,1.4799
0.44,0.55,0.45,0.56,1770418036430,1.4799
0.44,0.54,0.45,0.56,1770418036670,1.4799
0.44,0.54,0.46,0.56,1770418036671,1.4799
0.45,0.54,0.46,0.56,1770418036676,1.4799
0.45,0.54,0.46,0.55,1770418036677,1.4799
0.44,0.54,0.46,0.55,1770418036897,1.4799
0.44,0.54,0.46,0.56,1770418036903,1.4799
0.45,0.54,0.46,0.56,1770418036904,1.4799
0.45,0.54,0.46,0.55,1770418036905,1.4799
0.45,0.53,0.46,0.55,1770418039825,1.4803
0.45,0.53,0.47,0.55,1770418039827,1.4803
0.46,0.53,0.47,0.55,1770418039900,1.4803
0.46,0.53,0.47,0.54,1770418039901,1.4803
0.46,0.5,0.47,0.54,1770418041689,1.4803
0.46,0.5,0.5,0.54,1770418041691,1.4803
0.46,0.51,0.5,0.54,1770418041696,1.4803
0.46,0.51,0.49,0.54,1770418041697,1.4803
0.47,0.51,0.49,0.54,1770418041699,1.4803
0.47,0.51,0.49,0.53,1770418041700,1.4803
0.47,0.52,0.49,0.53,1770418041768,1.4803
0.47,0.52,0.48,0.53,1770418041779,1.4803
0.46,0.52,0.48,0.53,1770418041988,1.4803
0.46,0.53,0.48,0.54,1770418041995,1.4803
0.46,0.53,0.47,0.54,1770418041996,1.4803
0.46,0.52,0.47,0.54,1770418042205,1.4803
0.46,0.52,0.48,0.54,1770418042212,1.4803
0.47,0.52,0.48,0.54,1770418042215,1.4803
0.47,0.52,0.48,0.53,1770418042216,1.4803
0.47,0.51,0.48,0.53,1770418042740,1.4807
0.47,0.5,0.49,0.53,1770418042777,1.4807
0.47,0.5,0.5,0.53,1770418042779,1.4807
0.48,0.5,0.5,0.53,1770418042780,1.4807
0.48,0.5,0.5,0.52,1770418042781,1.4807
0.48,0.49,0.5,0.52,1770418042795,1.4807
0.48,0.49,0.51,0.52,1770418042801,1.4807
0.49,0.49,0.51,0.52,1770418042813,1.4807
0.49,0.49,0.51,0.51,1770418042814,1.4807
0.49,0.5,0.51,0.51,1770418042820,1.4807
0.49,0.5,0.5,0.51,1770418042822,1.4807
0.49,0.48,0.5,0.51,1770418042928,1.4807
0.49,0.48,0.52,0.51,1770418042929,1.4807
0.5,0.48,0.52,0.51,1770418042970,1.4807
0.5,0.48,0.52,0.5,1770418042972,1.4807
0.5,0.49,0.52,0.5,1770418042976,1.4807
0.5,0.49,0.51,0.5,1770418042977,1.4807
0.5,0.47,0.51,0.5,1770418043519,1.4812
0.5,0.47,0.53,0.5,1770418043520,1.4812
0.51,0.47,0.53,0.5,1770418043522,1.4812
0.51,0.47,0.53,0.49,1770418043523,1.4812
0.51,0.48,0.53,0.49,1770418043545,1.4812
0.51,0.48,0.52,0.49,1770418043548,1.4812
0.5,0.48,0.52,0.49,1770418044151,1.4812
0.5,0.48,0.52,0.5,1770418044167,1.4812
0.51,0.48,0.52,0.5,1770418044616,1.4808
0.51,0.48,0.52,0.49,1770418044624,1.4808
0.5,0.48,0.52,0.49,1770418045570,1.4812
0.5,0.48,0.52,0.5,1770418045577,1.4812
0.5,0.49,0.52,0.5,1770418045582,1.4812
0.5,0.49,0.51,0.5,1770418045597,1.4812
0.49,0.49,0.51,0.5,1770418046568,1.4811
0.49,0.49,0.51,0.51,1770418046569,1.4811
0.5,0.49,0.51,0.51,1770418046590,1.4811
0.5,0.49,0.51,0.5,1770418046592,1.4811
0.49,0.49,0.51,0.5,1770418046780,1.4811
0.49,0.49,0.51,0.51,1770418046783,1.4811
0.5,0.49,0.51,0.51,1770418048014,1.481
0.5,0.49,0.51,0.5,1770418048032,1.481
0.5,0.48,0.51,0.5,1770418049634,1.4816
0.5,0.48,0.52,0.5,1770418049635,1.4816
0.51,0.48,0.52,0.5,1770418049649,1.4816
0.51,0.48,0.52,0.49,1770418049655,1.4816
0.52,0.48,0.55,0.49,1770418049673,1.4816
0.52,0.45,0.55,0.48,1770418049674,1.4816
0.53,0.45,0.55,0.48,1770418049697,1.4816
0.53,0.45,0.55,0.47,1770418049698,1.4816
0.53,0.46,0.55,0.47,1770418050032,1.4816
0.53,0.46,0.54,0.47,1770418050033,1.4816
0.52,0.46,0.54,0.47,1770418050308,1.4816
0.52,0.47,0.54,0.48,1770418050309,1.4816
0.52,0.47,0.53,0.48,1770418050314,1.4816
0.52,0.46,0.53,0.48,1770418050539,1.4816
0.52,0.46,0.54,0.48,1770418050540,1.4816
0.53,0.46,0.54,0.48,1770418050545,1.4816
0.53,0.46,0.54,0.47,1770418050546,1.4816
0.52,0.46,0.54,0.47,1770418050778,1.4816
0.52,0.46,0.54,0.48,1770418050779,1.4816
0.52,0.47,0.54,0.48,1770418050884,1.4816
0.52,0.47,0.53,0.48,1770418050885,1.4816
0.52,0.46,0.53,0.48,1770418051028,1.4816
0.53,0.46,0.54,0.48,1770418051034,1.4816
0.53,0.46,0.54,0.47,1770418051053,1.4816
0.52,0.46,0.54,0.47,1770418051263,1.4816
0.52,0.46,0.54,0.48,1770418051268,1.4816
0.52,0.47,0.54,0.48,1770418051545,1.4815
0.52,0.47,0.53,0.48,1770418051562,1.4815
0.51,0.47,0.53,0.48,1770418051925,1.4815
0.51,0.47,0.53,0.49,1770418051926,1.4815
0.51,0.48,0.53,0.49,1770418052306,1.4815
0.51,0.48,0.52,0.49,1770418052326,1.4815
0.51,0.47,0.52,0.49,1770418053144,1.4815
0.51,0.47,0.53,0.49,1770418053145,1.4815
0.52,0.47,0.53,0.49,1770418053155,1.4815
0.52,0.47,0.53,0.48,1770418053166,1.4815
0.52,0.46,0.53,0.48,1770418053290,1.4812
0.52,0.46,0.54,0.48,1770418053291,1.4812
0.53,0.46,0.54,0.48,1770418053296,1.4812
0.53,0.46,0.54,0.47,1770418053307,1.4812
0.52,0.46,0.54,0.47,1770418054608,1.4813
0.52,0.46,0.54,0.48,1770418054613,1.4813
0.52,0.46,0.55,0.48,1770418054662,1.4813
0.52,0.45,0.55,0.48,1770418054663,1.4813
0.52,0.47,0.55,0.48,1770418054703,1.4813
0.52,0.47,0.53,0.48,1770418054717,1.4813
0.52,0.45,0.53,0.48,1770418054898,1.4813
0.53,0.45,0.55,0.48,1770418054903,1.4813
0.53,0.45,0.55,0.47,1770418054913,1.4813
0.53,0.45,0.54,0.47,1770418055193,1.4813
0.53,0.46,0.54,0.47,1770418055215,1.4813
0.52,0.46,0.54,0.47,1770418055243,1.4813
0.53,0.46,0.54,0.48,1770418055244,1.4813
0.53,0.46,0.54,0.47,1770418055248,1.4813
0.52,0.46,0.54,0.47,1770418055370,1.4813
0.52,0.46,0.54,0.48,1770418055373,1.4813
0.52,0.46,0.53,0.48,1770418055400,1.4813
0.52,0.47,0.53,0.48,1770418055409,1.4813
0.52,0.47,0.54,0.48,1770418056182,1.4813
0.53,0.46,0.54,0.48,1770418056183,1.4813
0.53,0.46,0.54,0.47,1770418056205,1.4813
0.52,0.46,0.54,0.47,1770418056445,1.4813
0.53,0.46,0.54,0.48,1770418056446,1.4813
0.53,0.46,0.54,0.47,1770418056447,1.4813
0.53,0.45,0.54,0.47,1770418056466,1.4813
0.53,0.45,0.55,0.47,1770418056469,1.4813
0.54,0.45,0.55,0.47,1770418056477,1.4813
0.54,0.45,0.55,0.46,1770418056479,1.4813
0.53,0.45,0.55,0.46,1770418056699,1.4813
0.53,0.45,0.55,0.47,1770418056700,1.4813
0.52,0.45,0.55,0.47,1770418057465,1.4817
0.52,0.45,0.55,0.48,1770418057491,1.4817
0.53,0.45,0.55,0.48,1770418057714,1.4817
0.53,0.45,0.55,0.47,1770418057718,1.4817
0.53,0.46,0.55,0.47,1770418057872,1.4817
0.53,0.46,0.54,0.47,1770418057885,1.4817
0.53,0.45,0.54,0.47,1770418057928,1.4817
0.54,0.45,0.55,0.47,1770418057934,1.4817
0.54,0.45,0.55,0.46,1770418057939,1.4817
0.53,0.45,0.55,0.46,1770418058158,1.4817
0.53,0.45,0.55,0.47,1770418058183,1.4817
0.53,0.46,0.55,0.47,1770418058274,1.4816
0.53,0.46,0.54,0.47,1770418058277,1.4816
0.53,0.45,0.54,0.47,1770418058925,1.4816
0.54,0.45,0.55,0.47,1770418058938,1.4816
0.54,0.45,0.55,0.46,1770418058960,1.4816
0.52,0.45,0.55,0.46,1770418059182,1.4816
0.52,0.45,0.55,0.48,1770418059214,1.4816
0.52,0.46,0.55,0.48,1770418059336,1.4816
0.52,0.46,0.54,0.48,1770418059357,1.4816
0.53,0.46,0.54,0.48,1770418059467,1.4816
0.53,0.46,0.54,0.47,1770418059468,1.4816
0.53,0.45,0.54,0.47,1770418059539,1.4816
0.54,0.45,0.55,0.47,1770418059544,1.4816
0.54,0.45,0.55,0.46,1770418059550,1.4816
0.53,0.45,0.55,0.46,1770418060199,1.4816
0.53,0.45,0.55,0.47,1770418060200,1.4816
0.52,0.45,0.55,0.47,1770418061589,1.4817
0.52,0.45,0.55,0.48,1770418061590,1.4817
0.52,0.46,0.55,0.48,1770418061688,1.4817
0.52,0.46,0.54,0.48,1770418061710,1.4817
0.52,0.46,0.54,0.47,1770418062809,1.4816
0.53,0.46,0.54,0.47,1770418062810,1.4816
0.53,0.46,0.54,0.48,1770418063332,1.4816
0.52,0.46,0.54,0.48,1770418063335,1.4816
0.53,0.46,0.54,0.48,1770418063669,1.4816
0.53,0.46,0.54,0.47,1770418063693,1.4816
0.52,0.46,0.54,0.47,1770418064005,1.4816
0.52,0.46,0.54,0.48,1770418064011,1.4816
0.52,0.46,0.54,0.47,1770418064363,1.4817
0.53,0.46,0.54,0.47,1770418064393,1.4817
0.53,0.46,0.54,0.48,1770418064402,1.4817
0.52,0.46,0.54,0.48,1770418064413,1.4817
0.52,0.45,0.54,0.48,1770418064578,1.4817
0.52,0.45,0.55,0.48,1770418064579,1.4817
0.53,0.45,0.55,0.48,1770418064585,1.4817
0.53,0.45,0.55,0.47,1770418064592,1.4817
0.53,0.46,0.55,0.47,1770418064629,1.4817
0.53,0.46,0.54,0.47,1770418064632,1.4817
0.53,0.45,0.54,0.47,1770418064742,1.4817
0.53,0.45,0.55,0.47,1770418064743,1.4817
0.54,0.45,0.55,0.47,1770418064751,1.4817
0.54,0.45,0.55,0.46,1770418064758,1.4817
0.53,0.45,0.55,0.46,1770418064968,1.4817
0.54,0.45,0.55,0.47,1770418064977,1.4817
0.54,0.45,0.55,0.46,1770418064992,1.4817
0.54,0.44,0.55,0.46,1770418068961,1.4817
0.55,0.44,0.56,0.46,1770418068966,1.4817
0.55,0.44,0.56,0.45,1770418068967,1.4817
0.55,0.43,0.56,0.45,1770418069333,1.4823
0.56,0.43,0.57,0.45,1770418069345,1.4823
0.56,0.43,0.57,0.44,1770418069346,1.4823
0.56,0.42,0.57,0.44,1770418070417,1.4823
0.57,0.42,0.58,0.44,1770418070418,1.4823
0.57,0.42,0.58,0.43,1770418070421,1.4823
0.57,0.41,0.58,0.43,1770418072962,1.4824
0.58,0.41,0.59,0.43,1770418072964,1.4824
0.58,0.41,0.59,0.42,1770418072973,1.4824
0.59,0.41,0.6,0.42,1770418073625,1.4829
0.59,0.4,0.6,0.41,1770418073626,1.4829
0.58,0.4,0.6,0.41,1770418074975,1.4829
0.58,0.4,0.6,0.42,1770418074976,1.4829
0.59,0.4,0.6,0.42,1770418074988,1.4829
0.59,0.4,0.6,0.41,1770418074995,1.4829
0.58,0.4,0.6,0.41,1770418075015,1.4829
0.58,0.4,0.6,0.42,1770418075016,1.4829
0.58,0.41,0.6,0.42,1770418075033,1.4829
0.58,0.41,0.59,0.42,1770418075041,1.4829
0.58,0.4,0.59,0.42,1770418078056,1.4825
0.58,0.4,0.6,0.42,1770418078057,1.4825
0.59,0.4,0.6,0.42,1770418078060,1.4825
0.59,0.4,0.6,0.41,1770418078061,1.4825
0.58,0.4,0.6,0.41,1770418080585,1.4828
0.58,0.4,0.6,0.42,1770418080615,1.4828
0.58,0.4,0.6,0.41,1770418080787,1.4828
0.59,0.4,0.6,0.41,1770418080792,1.4828
0.59,0.4,0.6,0.42,1770418081171,1.4828
0.58,0.4,0.6,0.42,1770418081188,1.4828
0.58,0.4,0.59,0.42,1770418081197,1.4828
0.58,0.41,0.59,0.42,1770418081198,1.4828
0.58,0.4,0.59,0.42,1770418081597,1.4825
0.59,0.4,0.6,0.42,1770418081606,1.4825
0.59,0.4,0.6,0.41,1770418081607,1.4825
0.59,0.4,0.6,0.42,1770418085058,1.4825
0.58,0.4,0.6,0.42,1770418085059,1.4825
0.58,0.4,0.59,0.42,1770418085110,1.4825
0.58,0.41,0.59,0.42,1770418085112,1.4825
0.58,0.41,0.6,0.42,1770418085137,1.4825
0.58,0.4,0.6,0.42,1770418085140,1.4825
0.59,0.4,0.6,0.42,1770418085144,1.4825
0.59,0.4,0.6,0.41,1770418085147,1.4825
0.59,0.4,0.6,0.42,1770418085735,1.4826
0.58,0.4,0.6,0.42,1770418085751,1.4826
0.59,0.4,0.6,0.42,1770418085771,1.4826
0.59,0.4,0.6,0.41,1770418085784,1.4826
0.58,0.4,0.6,0.41,1770418086040,1.4826
0.58,0.4,0.6,0.42,1770418086059,1.4826
0.58,0.4,0.6,0.41,1770418086074,1.4826
0.59,0.4,0.6,0.41,1770418086091,1.4826
0.59,0.4,0.6,0.42,1770418086101,1.4826
0.58,0.4,0.6,0.42,1770418086102,1.4826
0.58,0.4,0.6,0.41,1770418086286,1.4825
0.59,0.4,0.6,0.41,1770418086287,1.4825
0.59,0.4,0.6,0.42,1770418086911,1.4825
0.59,0.4,0.6,0.41,1770418086957,1.4825
0.58,0.4,0.6,0.41,1770418087220,1.4825
0.59,0.4,0.6,0.41,1770418087258,1.4825
0.59,0.39,0.6,0.41,1770418090622,1.4833
0.59,0.39,0.61,0.41,1770418090625,1.4833
0.6,0.39,0.61,0.41,1770418090626,1.4833
0.6,0.39,0.61,0.4,1770418090627,1.4833
0.61,0.39,0.62,0.4,1770418090843,1.4833
0.61,0.38,0.62,0.39,1770418090844,1.4833
0.61,0.36,0.62,0.39,1770418091022,1.4833
0.62,0.36,0.64,0.38,1770418091023,1.4833
0.63,0.36,0.64,0.38,1770418091068,1.4833
0.63,0.36,0.64,0.37,1770418091072,1.4833
0.64,0.36,0.65,0.37,1770418091464,1.484
0.64,0.35,0.65,0.36,1770418091465,1.484
0.64,0.32,0.65,0.36,1770418091910,1.484
0.64,0.32,0.68,0.36,1770418091914,1.484
0.65,0.32,0.68,0.36,1770418091915,1.484
0.64,0.32,0.68,0.35,1770418091926,1.484
0.65,0.32,0.68,0.36,1770418091927,1.484
0.65,0.32,0.68,0.35,1770418091928,1.484
0.66,0.32,0.68,0.35,1770418091946,1.484
0.66,0.32,0.68,0.34,1770418091947,1.484
0.67,0.32,0.68,0.34,1770418091951,1.484
0.67,0.32,0.68,0.33,1770418091963,1.484
0.67,0.31,0.68,0.33,1770418092167,1.484
0.67,0.31,0.69,0.33,1770418092168,1.484
0.68,0.31,0.69,0.33,1770418092175,1.484
0.68,0.31,0.69,0.32,1770418092177,1.484
0.68,0.3,0.69,0.32,1770418092338,1.4846
0.68,0.3,0.7,0.32,1770418092339,1.4846
0.69,0.3,0.7,0.31,1770418092342,1.4846
0.69,0.29,0.7,0.31,1770418094439,1.4851
0.7,0.29,0.71,0.3,1770418094465,1.4851
0.7,0.28,0.71,0.3,1770418095931,1.4852
0.7,0.28,0.72,0.3,1770418095932,1.4852
0.71,0.28,0.72,0.3,1770418095934,1.4852
0.71,0.28,0.72,0.29,1770418095948,1.4852
0.71,0.27,0.72,0.29,1770418096746,1.4854
0.72,0.27,0.73,0.29,1770418096755,1.4854
0.71,0.27,0.73,0.28,1770418096758,1.4854
0.71,0.27,0.73,0.29,1770418096759,1.4854
0.72,0.27,0.73,0.29,1770418096765,1.4854
0.72,0.27,0.73,0.28,1770418096766,1.4854
0.72,0.28,0.73,0.31,1770418097352,1.4849
0.69,0.28,0.72,0.31,1770418097353,1.4849
0.69,0.27,0.72,0.31,1770418097376,1.4849
0.69,0.27,0.73,0.31,1770418097377,1.4849
0.69,0.28,0.73,0.31,1770418097396,1.4849
0.69,0.28,0.72,0.31,1770418097401,1.4849
0.71,0.28,0.72,0.31,1770418097540,1.4849
0.71,0.28,0.72,0.29,1770418097541,1.4849
0.7,0.28,0.72,0.29,1770418097704,1.4849
0.7,0.27,0.72,0.3,1770418097713,1.4849
0.7,0.27,0.73,0.3,1770418097758,1.4849
0.7,0.28,0.72,0.3,1770418097759,1.4849
0.7,0.29,0.72,0.3,1770418097940,1.4849
0.7,0.29,0.71,0.3,1770418097944,1.4849
0.7,0.28,0.71,0.3,1770418098058,1.4849
0.7,0.28,0.72,0.3,1770418098059,1.4849
0.71,0.28,0.72,0.3,1770418098077,1.4849
0.71,0.28,0.72,0.29,1770418098081,1.4849
0.7,0.28,0.72,0.29,1770418098241,1.4847
0.7,0.28,0.72,0.3,1770418098268,1.4847
0.7,0.29,0.72,0.3,1770418098269,1.4847
0.7,0.29,0.71,0.3,1770418098289,1.4847
0.7,0.28,0.71,0.3,1770418101014,1.4849
0.7,0.28,0.72,0.3,1770418101017,1.4849
0.71,0.28,0.72,0.3,1770418101138,1.4849
0.71,0.28,0.72,0.29,1770418101139,1.4849
0.7,0.28,0.72,0.29,1770418101143,1.4849
0.7,0.28,0.72,0.3,1770418101144,1.4849
0.71,0.28,0.72,0.29,1770418101153,1.4849
0.71,0.27,0.72,0.29,1770418101921,1.4853
0.71,0.27,0.73,0.29,1770418101922,1.4853
0.72,0.27,0.73,0.29,1770418101924,1.4853
0.72,0.27,0.73,0.28,1770418101925,1.4853
0.72,0.26,0.73,0.28,1770418104322,1.4857
0.72,0.26,0.74,0.28,1770418104323,1.4857
0.73,0.26,0.74,0.28,1770418104325,1.4857
0.73,0.26,0.74,0.27,1770418104333,1.4857
0.72,0.26,0.74,0.27,1770418104529,1.4857
0.72,0.26,0.74,0.28,1770418104589,1.4857
0.73,0.26,0.74,0.28,1770418104758,1.4857
0.73,0.26,0.74,0.27,1770418104759,1.4857
0.73,0.25,0.74,0.27,1770418104805,1.4857
0.73,0.25,0.75,0.27,1770418104806,1.4857
0.74,0.25,0.75,0.27,1770418104817,1.4857
0.74,0.25,0.75,0.26,1770418104818,1.4857
0.74,0.21,0.75,0.26,1770418105760,1.487
0.74,0.21,0.79,0.26,1770418105761,1.487
0.75,0.21,0.79,0.26,1770418105764,1.487
0.75,0.21,0.79,0.25,1770418105767,1.487
0.77,0.21,0.79,0.25,1770418105795,1.487
0.77,0.21,0.79,0.23,1770418105796,1.487
0.78,0.21,0.79,0.23,1770418105851,1.487
0.78,0.21,0.79,0.22,1770418105852,1.487
0.78,0.2,0.79,0.22,1770418107763,1.487
0.78,0.2,0.8,0.22,1770418107764,1.487
0.79,0.2,0.8,0.22,1770418107765,1.487
0.79,0.2,0.8,0.21,1770418107766,1.487
0.78,0.2,0.8,0.21,1770418107987,1.487
0.78,0.2,0.8,0.22,1770418107992,1.487
0.78,0.21,0.8,0.22,1770418108050,1.487
0.78,0.21,0.79,0.22,1770418108077,1.487
0.77,0.21,0.79,0.22,1770418108741,1.4865
0.77,0.21,0.78,0.23,1770418108774,1.4865
0.77,0.22,0.78,0.23,1770418108775,1.4865
0.76,0.22,0.78,0.23,1770418108811,1.4865
0.76,0.22,0.78,0.24,1770418108812,1.4865
0.76,0.22,0.77,0.24,1770418108923,1.4865
0.76,0.23,0.77,0.24,1770418108924,1.4865
0.76,0.21,0.77,0.24,1770418109348,1.4864
0.76,0.21,0.79,0.24,1770418109349,1.4864
0.77,0.21,0.79,0.24,1770418109355,1.4864
0.77,0.21,0.79,0.23,1770418109364,1.4864
0.78,0.21,0.79,0.23,1770418109394,1.4864
0.78,0.21,0.79,0.22,1770418109395,1.4864
0.76,0.21,0.79,0.22,1770418109647,1.4864
0.76,0.21,0.79,0.24,1770418109662,1.4864
0.78,0.21,0.79,0.24,1770418109663,1.4864
0.78,0.21,0.79,0.22,1770418109668,1.4864
0.78,0.21,0.8,0.22,1770418109685,1.4864
0.78,0.2,0.8,0.22,1770418109686,1.4864
0.79,0.2,0.8,0.22,1770418109692,1.4864
0.79,0.2,0.8,0.21,1770418109693,1.4864
0.79,0.19,0.8,0.21,1770418109697,1.4864
0.79,0.19,0.81,0.21,1770418109700,1.4864
0.8,0.19,0.81,0.21,1770418109724,1.4864
0.8,0.19,0.81,0.2,1770418109725,1.4864
0.79,0.19,0.81,0.2,1770418110778,1.4876
0.79,0.19,0.81,0.21,1770418110779,1.4876
0.79,0.2,0.81,0.21,1770418110809,1.4876
0.79,0.2,0.8,0.21,1770418110830,1.4876
0.78,0.2,0.8,0.21,1770418111410,1.4869
0.78,0.2,0.8,0.22,1770418111411,1.4869
0.78,0.2,0.79,0.22,1770418111471,1.4869
0.78,0.21,0.79,0.22,1770418111484,1.4869
0.77,0.21,0.79,0.22,1770418111947,1.4869
0.77,0.21,0.79,0.23,1770418111948,1.4869
0.77,0.21,0.78,0.23,1770418111971,1.4869
0.76,0.22,0.78,0.23,1770418111976,1.4869
0.76,0.22,0.78,0.24,1770418111977,1.4869
0.76,0.22,0.77,0.24,1770418112012,1.4869
0.76,0.23,0.77,0.24,1770418112013,1.4869
0.75,0.23,0.77,0.24,1770418113074,1.4863
0.75,0.23,0.77,0.25,1770418113078,1.4863
0.75,0.23,0.76,0.25,1770418113094,1.4863
0.75,0.24,0.76,0.25,1770418113095,1.4863
0.73,0.24,0.76,0.25,1770418115404,1.4853
0.73,0.24,0.76,0.27,1770418115405,1.4853
0.73,0.24,0.75,0.27,1770418115430,1.4853
0.73,0.25,0.75,0.27,1770418115431,1.4853
0.73,0.26,0.75,0.27,1770418115440,1.4853
0.73,0.26,0.74,0.27,1770418115441,1.4853
0.72,0.26,0.74,0.27,1770418116175,1.4853
0.72,0.26,0.74,0.28,1770418116176,1.4853
0.72,0.27,0.74,0.28,1770418116227,1.4853
0.72,0.27,0.73,0.28,1770418116228,1.4853
0.72,0.24,0.73,0.28,1770418116666,1.4854
0.72,0.24,0.76,0.28,1770418116674,1.4854
0.73,0.24,0.76,0.28,1770418116677,1.4854
0.73,0.24,0.76,0.27,1770418116684,1.4854
0.74,0.24,0.76,0.27,1770418116737,1.4854
0.74,0.24,0.76,0.26,1770418116738,1.4854
0.75,0.24,0.76,0.26,1770418116770,1.4854
0.75,0.24,0.76,0.25,1770418116772,1.4854
0.75,0.22,0.76,0.25,1770418117256,1.4875
0.75,0.22,0.78,0.25,1770418117257,1.4875
0.76,0.22,0.78,0.25,1770418117265,1.4875
0.76,0.22,0.78,0.24,1770418117266,1.4875
0.77,0.22,0.78,0.24,1770418117344,1.4875
0.77,0.22,0.78,0.23,1770418117356,1.4875
0.77,0.2,0.78,0.23,1770418117755,1.4875
0.78,0.2,0.8,0.23,1770418117758,1.4875
0.78,0.2,0.8,0.22,1770418117767,1.4875
0.79,0.2,0.8,0.22,1770418117801,1.4875
0.79,0.2,0.8,0.21,1770418117818,1.4875
0.78,0.2,0.8,0.21,1770418117869,1.4875
0.78,0.2,0.8,0.22,1770418117870,1.4875
0.78,0.21,0.8,0.22,1770418117904,1.4875
0.78,0.21,0.79,0.22,1770418117905,1.4875
0.77,0.21,0.79,0.22,1770418117994,1.4875
0.77,0.21,0.79,0.23,1770418117995,1.4875
0.77,0.22,0.79,0.23,1770418118136,1.4875
0.77,0.22,0.78,0.23,1770418118161,1.4875
0.77,0.21,0.78,0.23,1770418118247,1.4875
0.77,0.21,0.79,0.23,1770418118248,1.4875
0.77,0.22,0.79,0.23,1770418118262,1.4875
0.77,0.22,0.78,0.23,1770418118263,1.4875
0.77,0.21,0.78,0.23,1770418118298,1.4875
0.77,0.21,0.79,0.23,1770418118300,1.4875
0.78,0.21,0.79,0.23,1770418118303,1.4875
0.78,0.21,0.79,0.22,1770418118304,1.4875
0.78,0.2,0.79,0.22,1770418118305,1.4875
0.78,0.2,0.8,0.22,1770418118306,1.4875
0.79,0.2,0.8,0.22,1770418118356,1.4865
0.79,0.2,0.8,0.21,1770418118357,1.4865
0.78,0.2,0.8,0.21,1770418118361,1.4865
0.78,0.21,0.8,0.22,1770418118364,1.4865
0.78,0.21,0.79,0.22,1770418118369,1.4865
0.78,0.2,0.79,0.22,1770418118392,1.4865
0.78,0.2,0.8,0.22,1770418118394,1.4865
0.79,0.2,0.8,0.22,1770418118397,1.4865
0.79,0.2,0.8,0.21,1770418118401,1.4865
0.78,0.2,0.8,0.21,1770418118624,1.4865
0.78,0.2,0.8,0.22,1770418118626,1.4865
0.78,0.21,0.8,0.22,1770418118781,1.4865
0.78,0.21,0.79,0.22,1770418118784,1.4865
0.77,0.21,0.79,0.22,1770418118798,1.4865
0.77,0.21,0.79,0.23,1770418118799,1.4865
0.78,0.21,0.79,0.23,1770418118800,1.4865
0.78,0.21,0.79,0.22,1770418118804,1.4865
0.78,0.2,0.79,0.22,1770418118949,1.4865
0.78,0.21,0.8,0.22,1770418118950,1.4865
0.78,0.21,0.79,0.22,1770418118974,1.4865
0.77,0.21,0.79,0.22,1770418119048,1.4865
0.77,0.21,0.79,0.23,1770418119056,1.4865
0.77,0.2,0.79,0.23,1770418119083,1.4865
0.77,0.2,0.8,0.23,1770418119084,1.4865
0.77,0.21,0.8,0.23,1770418119175,1.4865
0.77,0.22,0.78,0.23,1770418119183,1.4865
0.76,0.22,0.78,0.23,1770418121930,1.4868
0.76,0.22,0.78,0.24,1770418121931,1.4868
0.77,0.22,0.78,0.24,1770418121960,1.4868
0.77,0.22,0.78,0.23,1770418121962,1.4868
0.76,0.22,0.78,0.23,1770418122088,1.4868
0.76,0.22,0.78,0.24,1770418122089,1.4868
0.76,0.23,0.78,0.24,1770418122464,1.4865
0.76,0.23,0.77,0.24,1770418122465,1.4865
0.76,0.22,0.77,0.24,1770418122487,1.4865
0.76,0.22,0.78,0.24,1770418122488,1.4865
0.77,0.22,0.78,0.24,1770418122497,1.4865
0.77,0.22,0.78,0.23,1770418122498,1.4865
0.77,0.21,0.78,0.23,1770418123547,1.4872
0.77,0.21,0.79,0.23,1770418123573,1.4872
0.78,0.21,0.79,0.23,1770418123580,1.4872
0.78,0.21,0.79,0.22,1770418123838,1.4872
0.77,0.21,0.79,0.22,1770418124904,1.487
0.77,0.21,0.79,0.23,1770418124911,1.487
0.78,0.21,0.79,0.23,1770418124936,1.487
0.78,0.21,0.79,0.22,1770418124950,1.487
0.77,0.21,0.79,0.22,1770418124974,1.487
0.77,0.21,0.79,0.23,1770418124977,1.487
0.78,0.21,0.79,0.23,1770418125025,1.487
0.78,0.21,0.79,0.22,1770418125027,1.487
0.77,0.21,0.79,0.22,1770418125234,1.4869
0.78,0.21,0.79,0.22,1770418125249,1.4869
0.77,0.21,0.79,0.22,1770418125834,1.4869
0.77,0.21,0.79,0.23,1770418125835,1.4869
0.77,0.21,0.78,0.23,1770418125877,1.4869
0.77,0.22,0.78,0.23,1770418125885,1.4869
0.76,0.22,0.78,0.23,1770418127995,1.4865
0.76,0.22,0.78,0.24,1770418127996,1.4865
0.76,0.23,0.78,0.24,1770418128185,1.4865
0.76,0.23,0.77,0.24,1770418128186,1.4865
0.75,0.23,0.77,0.24,1770418133764,1.4865
0.75,0.23,0.77,0.25,1770418133765,1.4865
0.76,0.23,0.77,0.25,1770418134188,1.4865
0.76,0.23,0.77,0.24,1770418134213,1.4865
0.75,0.23,0.77,0.24,1770418137496,1.4862
0.75,0.23,0.77,0.25,1770418137497,1.4862
0.76,0.23,0.77,0.25,1770418137507,1.4862
0.76,0.23,0.77,0.24,1770418137508,1.4862
0.75,0.23,0.77,0.24,1770418137563,1.4862
0.75,0.23,0.77,0.25,1770418137564,1.4862
0.75,0.24,0.77,0.25,1770418137595,1.4862
0.75,0.24,0.76,0.25,1770418137620,1.4862
0.74,0.24,0.76,0.25,1770418137871,1.4862
0.74,0.24,0.76,0.26,1770418137872,1.4862
0.74,0.25,0.76,0.26,1770418138127,1.4862
0.74,0.25,0.75,0.26,1770418138130,1.4862
0.72,0.25,0.75,0.26,1770418139427,1.4854
0.72,0.25,0.75,0.28,1770418139445,1.4854
0.72,0.26,0.75,0.28,1770418139450,1.4854
0.72,0.26,0.74,0.28,1770418139451,1.4854
0.72,0.27,0.74,0.28,1770418139542,1.4854
0.72,0.27,0.73,0.28,1770418139561,1.4854
0.71,0.27,0.73,0.28,1770418140360,1.4853
0.71,0.27,0.73,0.29,1770418140361,1.4853
0.71,0.28,0.73,0.29,1770418140384,1.4853
0.71,0.28,0.72,0.29,1770418140385,1.4853
0.71,0.28,0.72,0.3,1770418141577,1.4851
0.7,0.28,0.72,0.3,1770418141581,1.4851
0.7,0.29,0.72,0.3,1770418141608,1.4851
0.7,0.29,0.71,0.3,1770418141609,1.4851
0.69,0.29,0.71,0.3,1770418142691,1.4849
0.69,0.29,0.71,0.31,1770418142692,1.4849
0.69,0.3,0.71,0.31,1770418142720,1.4849
0.69,0.3,0.7,0.31,1770418142728,1.4849
0.68,0.3,0.7,0.31,1770418143344,1.4845
0.68,0.3,0.7,0.32,1770418143354,1.4845
0.68,0.31,0.7,0.32,1770418143368,1.4845
0.68,0.31,0.69,0.32,1770418143369,1.4845
0.67,0.31,0.69,0.32,1770418144843,1.4845
0.67,0.31,0.69,0.33,1770418144844,1.4845
0.67,0.32,0.69,0.33,1770418144866,1.4845
0.67,0.32,0.68,0.33,1770418144867,1.4845
0.66,0.32,0.68,0.33,1770418148865,1.4841
0.66,0.32,0.68,0.34,1770418148866,1.4841
0.66,0.33,0.68,0.34,1770418148889,1.4841
0.66,0.33,0.67,0.34,1770418148890,1.4841
0.65,0.33,0.67,0.34,1770418148991,1.4841
0.65,0.33,0.67,0.35,1770418148998,1.4841
0.65,0.34,0.67,0.35,1770418149004,1.4841
0.65,0.34,0.66,0.35,1770418149005,1.4841
0.65,0.33,0.66,0.35,1770418149286,1.4838
0.65,0.33,0.67,0.35,1770418149290,1.4838
0.66,0.33,0.67,0.35,1770418149293,1.4838
0.66,0.33,0.67,0.34,1770418149295,1.4838
0.66,0.32,0.67,0.34,1770418151538,1.4843
0.66,0.32,0.68,0.34,1770418151545,1.4843
0.67,0.32,0.68,0.34,1770418151553,1.4843
0.67,0.32,0.68,0.33,1770418151555,1.4843
0.66,0.32,0.68,0.33,1770418153106,1.4843
0.66,0.32,0.68,0.34,1770418153107,1.4843
0.65,0.32,0.68,0.34,1770418153121,1.4843
0.65,0.32,0.68,0.35,1770418153122,1.4843
0.64,0.32,0.68,0.35,1770418153128,1.4843
0.64,0.32,0.68,0.36,1770418153129,1.4843
0.64,0.33,0.68,0.36,1770418153142,1.4843
0.64,0.33,0.67,0.36,1770418153143,1.4843
0.65,0.33,0.67,0.36,1770418153153,1.4843
0.65,0.33,0.67,0.35,1770418153155,1.4843
0.65,0.34,0.67,0.35,1770418153176,1.4843
0.65,0.34,0.66,0.35,1770418153177,1.4843
0.64,0.34,0.66,0.35,1770418153180,1.4843
0.64,0.35,0.66,0.36,1770418153185,1.4843
0.64,0.35,0.65,0.36,1770418153186,1.4843
0.63,0.35,0.65,0.36,1770418153311,1.4839
0.63,0.35,0.65,0.37,1770418153312,1.4839
0.63,0.36,0.65,0.37,1770418153406,1.4839
0.63,0.36,0.64,0.37,1770418153424,1.4839
0.62,0.36,0.64,0.37,1770418153568,1.4839
0.62,0.36,0.64,0.38,1770418153569,1.4839
0.62,0.37,0.64,0.38,1770418153615,1.4839
0.62,0.37,0.63,0.38,1770418153616,1.4839
0.61,0.37,0.63,0.38,1770418154112,1.4839
0.61,0.37,0.63,0.39,1770418154119,1.4839
0.61,0.38,0.63,0.39,1770418154142,1.4839
0.61,0.38,0.62,0.39,1770418154143,1.4839
0.61,0.37,0.62,0.39,1770418154676,1.4831
0.61,0.37,0.63,0.39,1770418154677,1.4831
0.62,0.37,0.63,0.39,1770418154685,1.4831
0.62,0.37,0.63,0.38,1770418154687,1.4831
0.62,0.36,0.63,0.38,1770418154811,1.4831
0.62,0.36,0.64,0.38,1770418154812,1.4831
0.63,0.36,0.64,0.38,1770418154818,1.4831
0.63,0.36,0.64,0.37,1770418154819,1.4831
0.62,0.36,0.64,0.37,1770418155036,1.4831
0.62,0.36,0.64,0.38,1770418155040,1.4831
0.62,0.37,0.64,0.38,1770418155402,1.4836
0.62,0.37,0.63,0.38,1770418155403,1.4836
0.62,0.36,0.63,0.38,1770418155430,1.4836
0.62,0.36,0.64,0.38,1770418155431,1.4836
0.63,0.36,0.64,0.38,1770418155434,1.4836
0.63,0.36,0.64,0.37,1770418155435,1.4836
0.62,0.36,0.64,0.37,1770418155656,1.4836
0.62,0.36,0.64,0.38,1770418155660,1.4836
0.62,0.37,0.64,0.38,1770418155684,1.4836
0.62,0.37,0.63,0.38,1770418155685,1.4836
0.62,0.37,0.63,0.39,1770418157117,1.4833
0.61,0.37,0.63,0.39,1770418157121,1.4833
0.61,0.37,0.62,0.39,1770418157154,1.4833
0.61,0.38,0.62,0.39,1770418157155,1.4833
0.6,0.38,0.62,0.39,1770418158414,1.483
0.6,0.38,0.62,0.4,1770418158415,1.483
0.6,0.39,0.62,0.4,1770418158443,1.483
0.6,0.39,0.61,0.4,1770418158444,1.483
0.59,0.39,0.61,0.4,1770418158522,1.483
0.59,0.39,0.61,0.41,1770418158523,1.483
0.59,0.39,0.6,0.41,1770418158567,1.483
0.59,0.4,0.6,0.41,1770418158573,1.483
0.58,0.4,0.6,0.41,1770418159413,1.4827
0.58,0.4,0.6,0.42,1770418159417,1.4827
0.58,0.4,0.59,0.42,1770418159447,1.4827
0.58,0.41,0.59,0.42,1770418159448,1.4827
0.57,0.41,0.59,0.42,1770418160121,1.4827
0.57,0.41,0.59,0.43,1770418160123,1.4827
0.57,0.42,0.59,0.43,1770418160145,1.4827
0.57,0.42,0.58,0.43,1770418160146,1.4827
0.56,0.42,0.58,0.43,1770418160666,1.4823
0.56,0.43,0.58,0.44,1770418160671,1.4823
0.56,0.43,0.57,0.44,1770418160672,1.4823
0.56,0.43,0.57,0.45,1770418160842,1.4823
0.55,0.43,0.57,0.45,1770418160849,1.4823
0.55,0.44,0.57,0.45,1770418161463,1.482
0.55,0.44,0.56,0.45,1770418161466,1.482
0.55,0.43,0.56,0.45,1770418161492,1.482
0.55,0.43,0.57,0.45,1770418161499,1.482
0.54,0.43,0.57,0.45,1770418161520,1.482
0.54,0.44,0.57,0.46,1770418161527,1.482
0.54,0.44,0.56,0.46,1770418161551,1.482
0.54,0.43,0.56,0.46,1770418161557,1.482
0.54,0.43,0.57,0.46,1770418161571,1.482
0.54,0.45,0.55,0.46,1770418161584,1.482
0.54,0.45,0.56,0.46,1770418162153,1.482
0.55,0.44,0.56,0.46,1770418162155,1.482
0.55,0.44,0.56,0.45,1770418162160,1.482
0.55,0.43,0.56,0.45,1770418162334,1.482
0.56,0.43,0.57,0.45,1770418162336,1.482
0.56,0.43,0.57,0.44,1770418162337,1.482
0.56,0.42,0.57,0.44,1770418162412,1.482
0.56,0.42,0.58,0.44,1770418162413,1.482
0.57,0.42,0.58,0.44,1770418162416,1.482
0.57,0.42,0.58,0.43,1770418162424,1.482
0.57,0.41,0.58,0.43,1770418163213,1.482
0.58,0.41,0.59,0.43,1770418163217,1.482
0.58,0.41,0.59,0.42,1770418163218,1.482
0.57,0.41,0.59,0.42,1770418163595,1.4821
0.57,0.41,0.59,0.43,1770418163598,1.4821
0.57,0.42,0.59,0.43,1770418163629,1.4821
0.57,0.42,0.58,0.43,1770418163630,1.4821
0.55,0.42,0.56,0.43,1770418164637,1.4815
0.55,0.44,0.56,0.45,1770418164638,1.4815
0.55,0.43,0.56,0.45,1770418165178,1.4815
0.55,0.43,0.57,0.45,1770418165179,1.4815
0.56,0.43,0.57,0.45,1770418165188,1.4815
0.56,0.43,0.57,0.44,1770418165195,1.4815
0.56,0.42,0.57,0.44,1770418165878,1.4819
0.57,0.42,0.58,0.44,1770418165892,1.4819
0.57,0.42,0.58,0.43,1770418165900,1.4819
0.57,0.41,0.58,0.43,1770418166632,1.4827
0.57,0.41,0.59,0.43,1770418166633,1.4827
0.58,0.41,0.59,0.43,1770418166636,1.4827
0.58,0.41,0.59,0.42,1770418166637,1.4827
0.57,0.41,0.59,0.42,1770418166848,1.4827
0.57,0.42,0.59,0.43,1770418166856,1.4827
0.57,0.42,0.58,0.43,1770418166859,1.4827
0.57,0.41,0.58,0.43,1770418167765,1.4825
0.58,0.41,0.59,0.43,1770418167767,1.4825
0.58,0.41,0.59,0.42,1770418167779,1.4825
0.58,0.4,0.59,0.42,1770418168524,1.4827
0.58,0.4,0.6,0.42,1770418168525,1.4827
0.59,0.4,0.6,0.42,1770418168528,1.4827
0.59,0.4,0.6,0.41,1770418168538,1.4827
0.59,0.39,0.6,0.41,1770418169284,1.4835
0.6,0.39,0.61,0.4,1770418169291,1.4835
0.6,0.38,0.61,0.4,1770418169338,1.4835
0.61,0.38,0.62,0.4,1770418169340,1.4835
0.61,0.38,0.62,0.39,1770418169342,1.4835
0.61,0.37,0.62,0.39,1770418169982,1.4835
0.61,0.37,0.63,0.39,1770418169988,1.4835
0.62,0.37,0.63,0.39,1770418169997,1.4835
0.62,0.37,0.63,0.38,1770418169998,1.4835
0.62,0.36,0.63,0.38,1770418173547,1.4838
0.62,0.36,0.64,0.38,1770418173548,1.4838
0.63,0.36,0.64,0.38,1770418173558,1.4838
0.63,0.36,0.64,0.37,1770418173563,1.4838
0.63,0.35,0.64,0.37,1770418174058,1.4838
0.63,0.35,0.65,0.37,1770418174059,1.4838
0.63,0.34,0.65,0.37,1770418174062,1.4838
0.64,0.34,0.66,0.37,1770418174063,1.4838
0.64,0.34,0.66,0.36,1770418174069,1.4838
0.65,0.34,0.66,0.36,1770418174452,1.4838
0.65,0.34,0.66,0.35,1770418174475,1.4838
0.64,0.34,0.66,0.35,1770418175500,1.4835
0.64,0.34,0.66,0.36,1770418175501,1.4835
0.64,0.35,0.66,0.36,1770418175523,1.4835
0.64,0.35,0.65,0.36,1770418175524,1.4835
0.64,0.32,0.65,0.36,1770418176183,1.4835
0.64,0.32,0.68,0.36,1770418176184,1.4835
0.65,0.32,0.68,0.36,1770418176185,1.4835
0.65,0.32,0.68,0.35,1770418176194,1.4835
0.65,0.33,0.68,0.35,1770418176207,1.4835
0.65,0.33,0.67,0.35,1770418176208,1.4835
0.65,0.33,0.66,0.35,1770418176211,1.4835
0.65,0.34,0.66,0.35,1770418176214,1.4835
0.65,0.34,0.67,0.35,1770418176235,1.4841
0.65,0.33,0.67,0.35,1770418176242,1.4841
0.65,0.34,0.67,0.35,1770418176243,1.4841
0.65,0.34,0.66,0.35,1770418176245,1.4841
0.64,0.34,0.66,0.35,1770418176410,1.4841
0.64,0.34,0.66,0.36,1770418176423,1.4841
0.64,0.35,0.66,0.36,1770418176445,1.4841
0.64,0.35,0.65,0.36,1770418176469,1.4841
0.63,0.35,0.65,0.36,1770418177326,1.4839
0.63,0.35,0.65,0.37,1770418177327,1.4839
0.62,0.35,0.65,0.37,1770418177347,1.4839
0.62,0.36,0.65,0.38,1770418177353,1.4839
0.62,0.36,0.64,0.38,1770418177354,1.4839
0.62,0.37,0.64,0.38,1770418177394,1.4839
0.62,0.37,0.63,0.38,1770418177407,1.4839
0.61,0.37,0.63,0.38,1770418179392,1.4829
0.61,0.37,0.63,0.39,1770418179393,1.4829
0.61,0.38,0.63,0.39,1770418179407,1.4829
0.61,0.38,0.62,0.39,1770418179409,1.4829
0.6,0.38,0.62,0.39,1770418179444,1.4829
0.6,0.38,0.62,0.4,1770418179457,1.4829
0.6,0.39,0.62,0.4,1770418179479,1.4829
0.6,0.39,0.61,0.4,1770418179480,1.4829
0.59,0.39,0.61,0.4,1770418180720,1.4829
0.59,0.39,0.61,0.41,1770418180721,1.4829
0.59,0.4,0.61,0.41,1770418180760,1.4829
0.59,0.4,0.6,0.41,1770418180761,1.4829
0.59,0.39,0.6,0.41,1770418183071,1.4829
0.6,0.39,0.61,0.41,1770418183075,1.4829
0.6,0.39,0.61,0.4,1770418183091,1.4829
0.6,0.38,0.61,0.4,1770418183344,1.483
0.6,0.38,0.62,0.4,1770418183345,1.483
0.61,0.38,0.62,0.4,1770418183355,1.483
0.61,0.38,0.62,0.39,1770418183364,1.483
0.61,0.37,0.62,0.39,1770418183944,1.483
0.62,0.37,0.63,0.39,1770418183959,1.483
