0.83,0.16,0.85,0.17,1770417197812,2064.22
0.83,0.15,0.85,0.17,1770417197813,2064.22
0.84,0.15,0.85,0.17,1770417198082,2064.22
0.84,0.15,0.85,0.16,1770417198108,2064.22
0.83,0.15,0.85,0.16,1770417198204,2064.22
0.83,0.15,0.85,0.17,1770417198205,2064.22
0.84,0.15,0.85,0.17,1770417198230,2064.22
0.84,0.15,0.85,0.16,1770417198257,2064.22
0.83,0.15,0.85,0.16,1770417198353,2064.22
0.83,0.15,0.85,0.17,1770417198378,2064.22
0.83,0.15,0.85,0.16,1770417198931,2064.22
0.84,0.15,0.85,0.16,1770417198956,2064.22
0.84,0.13,0.85,0.16,1770417201034,2064.23
0.84,0.13,0.87,0.16,1770417201035,2064.23
0.85,0.13,0.87,0.16,1770417201131,2064.23
0.85,0.13,0.87,0.15,1770417201147,2064.23
0.84,0.13,0.87,0.15,1770417201271,2064.31
0.84,0.13,0.87,0.16,1770417201272,2064.31
0.86,0.13,0.87,0.16,1770417201295,2064.31
0.86,0.13,0.87,0.14,1770417201296,2064.31
0.85,0.13,0.87,0.14,1770417201599,2064.31
0.85,0.13,0.87,0.15,1770417201600,2064.31
0.85,0.14,0.87,0.15,1770417201637,2064.31
0.85,0.14,0.86,0.15,1770417201642,2064.31
0.85,0.13,0.86,0.15,1770417201796,2064.31
0.85,0.13,0.87,0.15,1770417201805,2064.31
0.85,0.14,0.87,0.15,1770417203322,2064.38
0.85,0.14,0.86,0.15,1770417203323,2064.38
0.85,0.12,0.86,0.15,1770417204196,2064.38
0.85,0.12,0.88,0.15,1770417204201,2064.38
0.86,0.12,0.88,0.15,1770417204302,2064.69
0.86,0.12,0.88,0.14,1770417204362,2064.69
0.86,0.13,0.88,0.14,1770417206266,2064.79
0.86,0.13,0.87,0.14,1770417206267,2064.79
0.85,0.13,0.87,0.14,1770417208903,2064.8
0.85,0.13,0.87,0.15,1770417208904,2064.8
0.85,0.14,0.87,0.15,1770417208915,2064.8
0.85,0.14,0.86,0.15,1770417208916,2064.8
0.84,0.14,0.86,0.15,1770417208950,2064.8
0.84,0.14,0.86,0.16,1770417208951,2064.8
0.84,0.15,0.86,0.16,1770417209074,2064.8
0.84,0.15,0.85,0.16,1770417209087,2064.8
0.84,0.14,0.85,0.16,1770417209913,2064.26
0.84,0.14,0.86,0.16,1770417209914,2064.26
0.85,0.14,0.86,0.16,1770417209974,2064.26
0.85,0.14,0.86,0.15,1770417209975,2064.26
0.84,0.14,0.86,0.15,1770417214968,2064.21
0.84,0.14,0.86,0.16,1770417214997,2064.21
0.83,0.14,0.86,0.16,1770417215032,2064.21
0.83,0.14,0.86,0.17,1770417215033,2064.21
0.83,0.15,0.86,0.17,1770417215572,2064.03
0.83,0.15,0.85,0.17,1770417215600,2064.03
0.84,0.15,0.85,0.17,1770417218103,2064.03
0.84,0.15,0.85,0.16,1770417218104,2064.03
0.84,0.14,0.85,0.16,1770417219177,2064.02
0.84,0.14,0.86,0.16,1770417219187,2064.02
0.85,0.14,0.86,0.16,1770417219219,2064.02
0.85,0.14,0.86,0.15,1770417219316,2064.27
0.84,0.14,0.86,0.15,1770417233411,2064.63
0.84,0.14,0.86,0.16,1770417233412,2064.63
0.85,0.14,0.86,0.16,1770417235450,2064.36
0.85,0.14,0.86,0.15,1770417235462,2064.36
0.85,0.13,0.86,0.15,1770417239049,2064.36
0.85,0.13,0.87,0.15,1770417239050,2064.36
0.85,0.14,0.87,0.15,1770417242148,2064.36
0.85,0.14,0.86,0.15,1770417242166,2064.36
0.85,0.13,0.86,0.15,1770417242756,2064.36
0.85,0.13,0.87,0.15,1770417242767,2064.36
0.86,0.13,0.87,0.15,1770417244125,2064.63
0.86,0.13,0.87,0.14,1770417244126,2064.63
0.85,0.13,0.87,0.14,1770417246487,2064.63
0.85,0.13,0.87,0.15,1770417246514,2064.63
0.86,0.13,0.87,0.15,1770417247393,2064.63
0.86,0.13,0.87,0.14,1770417247394,2064.63
0.86,0.12,0.87,0.14,1770417249167,2064.85
0.86,0.12,0.88,0.14,1770417249192,2064.85
0.87,0.12,0.88,0.14,1770417249824,2064.91
0.87,0.12,0.88,0.13,1770417249835,2064.91
0.86,0.12,0.88,0.13,1770417253069,2065.47
0.86,0.12,0.88,0.14,1770417253089,2065.47
0.86,0.13,0.88,0.14,1770417253205,2065.47
0.86,0.13,0.87,0.14,1770417253206,2065.47
0.86,0.12,0.87,0.14,1770417255767,2064.96
0.86,0.12,0.88,0.14,1770417255769,2064.96
0.87,0.12,0.88,0.14,1770417256211,2064.96
0.87,0.12,0.88,0.13,1770417256212,2064.96
0.86,0.12,0.88,0.13,1770417256236,2064.96
0.86,0.12,0.88,0.14,1770417256237,2064.96
0.86,0.13,0.88,0.14,1770417256959,2065.22
0.86,0.13,0.87,0.14,1770417256960,2065.22
0.86,0.12,0.87,0.14,1770417259772,2065.06
0.86,0.12,0.88,0.14,1770417259775,2065.06
0.87,0.12,0.88,0.14,1770417263000,2065.07
0.87,0.12,0.88,0.13,1770417263004,2065.07
0.87,0.1,0.88,0.13,1770417263509,2069.45
0.87,0.1,0.9,0.13,1770417263511,2069.45
0.88,0.1,0.9,0.13,1770417263512,2069.45
0.88,0.1,0.9,0.12,1770417263538,2069.45
0.89,0.1,0.9,0.11,1770417263539,2069.45
0.89,0.09,0.9,0.11,1770417264223,2069.45
0.89,0.09,0.91,0.11,1770417264224,2069.45
0.9,0.09,0.91,0.11,1770417264250,2068.09
0.9,0.09,0.91,0.1,1770417264251,2068.09
0.9,0.09,0.91,0.11,1770417266054,2067.42
0.89,0.09,0.91,0.11,1770417266055,2067.42
0.9,0.09,0.91,0.11,1770417266178,2067.42
0.9,0.09,0.91,0.1,1770417266183,2067.42
0.89,0.09,0.91,0.1,1770417266214,2067.42
0.89,0.09,0.91,0.11,1770417266229,2067.42
0.9,0.09,0.91,0.11,1770417266300,2067.69
0.9,0.09,0.91,0.1,1770417266301,2067.69
0.9,0.08,0.91,0.1,1770417266308,2067.69
0.9,0.08,0.92,0.1,1770417266309,2067.69
0.9,0.08,0.92,0.09,1770417266339,2067.69
0.91,0.08,0.92,0.09,1770417266347,2067.69
0.91,0.07,0.92,0.09,1770417270150,2067.9
0.91,0.07,0.93,0.09,1770417270155,2067.9
0.92,0.07,0.93,0.09,1770417270186,2067.9
0.92,0.07,0.93,0.08,1770417270188,2067.9
0.92,0.05,0.93,0.08,1770417270917,2070.99
0.92,0.05,0.95,0.08,1770417270918,2070.99
0.93,0.05,0.95,0.08,1770417270923,2070.99
0.93,0.05,0.95,0.07,1770417270934,2070.99
0.94,0.05,0.95,0.07,1770417270966,2070.99
0.94,0.05,0.95,0.06,1770417270981,2070.99
0.94,0.04,0.95,0.06,1770417271880,2071.0
0.94,0.04,0.96,0.06,1770417271883,2071.0
0.95,0.04,0.96,0.06,1770417271916,2071.0
0.95,0.04,0.96,0.05,1770417271917,2071.0
0.94,0.04,0.96,0.05,1770417275355,2071.5
0.94,0.04,0.96,0.06,1770417275356,2071.5
0.95,0.04,0.96,0.06,1770417275371,2071.5
0.95,0.04,0.96,0.05,1770417275381,2071.5
0.94,0.04,0.96,0.05,1770417275702,2071.5
0.94,0.04,0.96,0.06,1770417275703,2071.5
0.94,0.05,0.96,0.06,1770417275752,2071.5
0.94,0.05,0.95,0.06,1770417275758,2071.5
0.93,0.05,0.95,0.06,1770417281389,2071.7
0.94,0.05,0.95,0.07,1770417281415,2071.7
0.94,0.05,0.95,0.06,1770417281457,2071.7
0.93,0.05,0.95,0.06,1770417287671,2071.71
0.93,0.05,0.95,0.07,1770417287680,2071.71
0.94,0.05,0.95,0.07,1770417287742,2071.71
0.94,0.05,0.95,0.06,1770417287743,2071.71
0.93,0.05,0.95,0.06,1770417293784,2072.0
0.93,0.05,0.95,0.07,1770417293785,2072.0
0.94,0.05,0.95,0.07,1770417293839,2072.0
0.94,0.05,0.95,0.06,1770417293842,2072.0
0.93,0.05,0.95,0.06,1770417297873,2072.0
0.93,0.05,0.95,0.07,1770417297880,2072.0
0.93,0.06,0.95,0.07,1770417297881,2072.0
0.93,0.06,0.94,0.07,1770417297893,2072.0
0.92,0.06,0.94,0.07,1770417298892,2071.42
0.92,0.06,0.94,0.08,1770417298919,2071.42
0.93,0.06,0.94,0.08,1770417298951,2071.42
0.93,0.06,0.94,0.07,1770417298953,2071.42
0.92,0.06,0.94,0.07,1770417302906,2072.0
0.92,0.06,0.94,0.08,1770417302912,2072.0
0.92,0.07,0.94,0.08,1770417303046,2072.0
0.92,0.07,0.93,0.08,1770417303049,2072.0
0.92,0.07,0.93,0.09,1770417306958,2071.48
0.91,0.07,0.93,0.09,1770417306962,2071.48
0.91,0.08,0.93,0.09,1770417306967,2071.48
0.91,0.08,0.92,0.09,1770417306968,2071.48
0.91,0.08,0.92,0.1,1770417308328,2069.92
0.9,0.08,0.92,0.1,1770417308329,2069.92
0.9,0.09,0.92,0.1,1770417308340,2069.92
0.9,0.09,0.91,0.1,1770417308341,2069.92
0.91,0.09,0.92,0.1,1770417310144,2069.75
0.91,0.08,0.92,0.09,1770417310156,2069.75
0.91,0.08,0.92,0.1,1770417310664,2069.75
0.9,0.08,0.92,0.1,1770417310691,2069.75
0.91,0.08,0.92,0.1,1770417311976,2069.8
0.91,0.08,0.92,0.09,1770417311987,2069.8
0.91,0.08,0.92,0.1,1770417311996,2069.8
0.9,0.08,0.92,0.1,1770417312007,2069.8
0.9,0.08,0.92,0.09,1770417313735,2069.8
0.91,0.08,0.92,0.09,1770417313756,2069.8
0.91,0.07,0.92,0.09,1770417314877,2070.18
0.91,0.07,0.93,0.09,1770417314878,2070.18
0.91,0.07,0.93,0.08,1770417314914,2070.18
0.92,0.07,0.93,0.08,1770417314917,2070.18
0.92,0.07,0.93,0.09,1770417317138,2070.93
0.91,0.07,0.93,0.09,1770417317160,2070.93
0.92,0.07,0.93,0.09,1770417317862,2070.92
0.92,0.07,0.93,0.08,1770417317863,2070.92
0.92,0.06,0.93,0.08,1770417319087,2071.31
0.92,0.06,0.94,0.08,1770417319097,2071.31
0.93,0.06,0.94,0.08,1770417319123,2071.31
0.93,0.06,0.94,0.07,1770417319125,2071.31
0.93,0.06,0.95,0.07,1770417329242,2071.79
0.93,0.05,0.95,0.07,1770417329253,2071.79
0.94,0.05,0.95,0.07,1770417329279,2072.92
0.94,0.05,0.95,0.06,1770417329280,2072.92
0.94,0.04,0.95,0.06,1770417330273,2072.92
0.94,0.04,0.96,0.06,1770417330279,2072.92
0.95,0.04,0.96,0.06,1770417330322,2075.85
0.95,0.04,0.96,0.05,1770417330323,2075.85
0.95,0.03,0.96,0.05,1770417330911,2075.85
0.96,0.03,0.97,0.05,1770417330922,2075.85
0.96,0.03,0.97,0.04,1770417330929,2075.85
0.95,0.03,0.97,0.04,1770417331120,2075.85
0.95,0.03,0.97,0.05,1770417331121,2075.85
0.96,0.03,0.97,0.05,1770417331139,2075.85
0.96,0.03,0.97,0.04,1770417331144,2075.85
0.97,0.03,0.98,0.04,1770417331996,2076.23
0.97,0.02,0.98,0.03,1770417331998,2076.23
0.96,0.02,0.98,0.03,1770417332055,2076.23
0.96,0.02,0.98,0.04,1770417332072,2076.23
0.96,0.03,0.98,0.04,1770417332199,2076.23
0.96,0.03,0.97,0.04,1770417332201,2076.23
0.96,0.02,0.97,0.04,1770417332240,2076.23
0.96,0.02,0.98,0.04,1770417332243,2076.23
0.96,0.03,0.98,0.04,1770417332595,2076.63
0.96,0.03,0.97,0.04,1770417332600,2076.63
0.95,0.03,0.97,0.04,1770417332870,2076.63
0.95,0.03,0.97,0.05,1770417332871,2076.63
0.95,0.04,0.97,0.05,1770417333343,2075.91
0.95,0.04,0.96,0.05,1770417333345,2075.91
0.95,0.03,0.96,0.05,1770417335078,2074.75
0.95,0.03,0.97,0.05,1770417335090,2074.75
0.95,0.04,0.97,0.05,1770417336487,2076.32
0.95,0.04,0.96,0.05,1770417336504,2076.32
0.94,0.04,0.96,0.05,1770417337171,2076.32
0.94,0.04,0.96,0.06,1770417337172,2076.32
0.95,0.04,0.96,0.06,1770417337752,2075.3
0.95,0.04,0.96,0.05,1770417337765,2075.3
0.94,0.04,0.96,0.05,1770417338167,2075.3
0.94,0.04,0.96,0.06,1770417338190,2075.3
0.95,0.04,0.96,0.06,1770417338293,2075.82
0.95,0.04,0.96,0.05,1770417338294,2075.82
0.94,0.04,0.96,0.05,1770417341071,2075.83
0.94,0.04,0.96,0.06,1770417341076,2075.83
0.94,0.05,0.96,0.06,1770417341156,2075.83
0.94,0.05,0.95,0.06,1770417341157,2075.83
0.94,0.04,0.95,0.06,1770417341489,2075.55
0.94,0.04,0.96,0.06,1770417341490,2075.55
0.95,0.04,0.96,0.06,1770417341530,2075.55
0.95,0.04,0.96,0.05,1770417341531,2075.55
0.95,0.03,0.96,0.05,1770417345039,2075.82
0.95,0.03,0.97,0.05,1770417345040,2075.82
0.95,0.04,0.97,0.05,1770417345066,2075.82
0.95,0.04,0.96,0.05,1770417345067,2075.82
0.95,0.03,0.96,0.05,1770417345156,2075.82
0.95,0.03,0.97,0.05,1770417345157,2075.82
0.95,0.04,0.97,0.05,1770417346712,2076.98
0.95,0.04,0.96,0.05,1770417346731,2076.98
0.95,0.03,0.96,0.05,1770417346822,2076.98
0.95,0.03,0.97,0.05,1770417346847,2076.98
0.95,0.03,0.96,0.05,1770417346886,2076.98
0.95,0.04,0.96,0.05,1770417346889,2076.98
0.95,0.04,0.97,0.05,1770417346995,2076.98
0.95,0.03,0.97,0.05,1770417347010,2076.98
0.95,0.04,0.97,0.05,1770417347133,2076.98
0.95,0.04,0.96,0.05,1770417347139,2076.98
0.95,0.03,0.96,0.05,1770417350628,2076.96
0.95,0.03,0.97,0.05,1770417350629,2076.96
0.95,0.04,0.97,0.05,1770417352049,2076.95
0.95,0.04,0.96,0.05,1770417352053,2076.95
0.94,0.04,0.96,0.05,1770417357252,2076.44
0.94,0.04,0.96,0.06,1770417357253,2076.44
0.94,0.05,0.96,0.06,1770417357551,2076.44
0.94,0.05,0.95,0.06,1770417357552,2076.44
0.94,0.04,0.95,0.06,1770417361516,2075.33
0.94,0.04,0.96,0.06,1770417361517,2075.33
0.95,0.04,0.96,0.06,1770417361543,2075.33
0.95,0.04,0.96,0.05,1770417361547,2075.33
0.94,0.04,0.96,0.05,1770417362678,2076.22
0.94,0.04,0.96,0.06,1770417362681,2076.22
0.94,0.05,0.96,0.06,1770417362713,2076.22
0.94,0.05,0.95,0.06,1770417362725,2076.22
0.94,0.04,0.95,0.06,1770417365935,2075.6
0.94,0.04,0.96,0.06,1770417365979,2075.6
0.94,0.05,0.96,0.06,1770417366206,2075.8
0.94,0.05,0.95,0.06,1770417366232,2075.8
0.94,0.04,0.95,0.06,1770417366274,2075.8
0.94,0.04,0.96,0.06,1770417366275,2075.8
0.94,0.05,0.96,0.06,1770417366386,2075.8
0.94,0.05,0.95,0.06,1770417366387,2075.8
0.94,0.04,0.95,0.06,1770417377957,2075.03
0.94,0.04,0.96,0.06,1770417377967,2075.03
0.95,0.04,0.96,0.06,1770417379523,2075.47
0.95,0.04,0.96,0.05,1770417379524,2075.47
0.95,0.03,0.96,0.05,1770417380503,2075.99
0.95,0.03,0.97,0.05,1770417380530,2075.99
0.95,0.04,0.97,0.05,1770417383439,2076.72
0.95,0.04,0.96,0.05,1770417383442,2076.72
0.95,0.03,0.96,0.05,1770417389621,2076.36
0.95,0.04,0.97,0.05,1770417389625,2076.36
0.95,0.04,0.96,0.05,1770417389626,2076.36
0.95,0.03,0.96,0.05,1770417389650,2076.36
0.95,0.03,0.97,0.05,1770417389652,2076.36
0.96,0.03,0.97,0.05,1770417389759,2076.36
0.96,0.03,0.97,0.04,1770417389776,2076.36
0.95,0.03,0.97,0.04,1770417390045,2076.36
0.95,0.03,0.97,0.05,1770417390048,2076.36
0.96,0.03,0.97,0.05,1770417390077,2076.36
0.96,0.03,0.97,0.04,1770417390100,2076.36
0.96,0.02,0.97,0.04,1770417390773,2077.28
0.95,0.02,0.98,0.04,1770417390774,2077.28
0.95,0.02,0.98,0.05,1770417390784,2077.28
0.95,0.02,0.97,0.05,1770417390828,2077.28
0.95,0.03,0.97,0.05,1770417390829,2077.28
0.96,0.03,0.97,0.05,1770417391378,2077.58
0.95,0.03,0.97,0.04,1770417391413,2077.58
0.95,0.03,0.97,0.05,1770417391414,2077.58
0.96,0.03,0.97,0.05,1770417391676,2077.58
0.96,0.03,0.97,0.04,1770417391687,2077.58
0.96,0.03,0.98,0.04,1770417392293,2079.15
0.96,0.02,0.98,0.04,1770417392314,2079.15
0.97,0.02,0.98,0.04,1770417392366,2079.15
0.97,0.02,0.98,0.03,1770417392367,2079.15
0.96,0.02,0.98,0.03,1770417392392,2079.15
0.96,0.02,0.98,0.04,1770417392396,2079.15
0.97,0.02,0.98,0.04,1770417392506,2079.15
0.97,0.02,0.98,0.03,1770417392507,2079.15
0.96,0.02,0.98,0.03,1770417392539,2079.15
0.96,0.02,0.98,0.04,1770417392550,2079.15
0.97,0.02,0.98,0.04,1770417392746,2079.15
0.96,0.02,0.98,0.03,1770417392770,2079.15
0.96,0.02,0.98,0.04,1770417392771,2079.15
0.97,0.02,0.98,0.04,1770417392851,2079.15
0.97,0.02,0.98,0.03,1770417392852,2079.15
0.96,0.02,0.98,0.03,1770417394463,2080.03
0.96,0.02,0.98,0.04,1770417394468,2080.03
0.96,0.03,0.98,0.04,1770417394695,2080.03
0.96,0.03,0.97,0.04,1770417394697,2080.03
0.96,0.03,0.97,0.05,1770417395136,2080.03
0.95,0.03,0.97,0.05,1770417395137,2080.03
0.95,0.04,0.97,0.05,1770417395139,2080.03
0.95,0.04,0.96,0.05,1770417395141,2080.03
0.95,0.03,0.96,0.05,1770417396325,2077.86
0.95,0.03,0.97,0.05,1770417396326,2077.86
0.96,0.03,0.97,0.05,1770417396355,2077.86
0.96,0.03,0.97,0.04,1770417396356,2077.86
0.96,0.03,0.98,0.04,1770417398022,2078.8
0.96,0.02,0.98,0.04,1770417398030,2078.8
0.97,0.02,0.98,0.04,1770417398142,2078.8
0.97,0.02,0.98,0.03,1770417398143,2078.8
0.96,0.02,0.98,0.03,1770417400452,2080.72
0.96,0.02,0.98,0.04,1770417400453,2080.72
0.97,0.02,0.98,0.04,1770417400513,2080.72
0.97,0.02,0.98,0.03,1770417400527,2080.72
0.96,0.02,0.98,0.03,1770417401991,2080.46
0.96,0.02,0.98,0.04,1770417401993,2080.46
0.96,0.02,0.97,0.04,1770417402029,2080.46
0.96,0.03,0.97,0.04,1770417402032,2080.46
0.95,0.03,0.97,0.04,1770417410325,2078.65
0.95,0.03,0.97,0.05,1770417410337,2078.65
0.95,0.04,0.97,0.05,1770417410381,2078.65
0.95,0.04,0.96,0.05,1770417410384,2078.65
0.95,0.03,0.96,0.05,1770417410705,2078.65
0.95,0.03,0.97,0.05,1770417410710,2078.65
0.96,0.03,0.97,0.05,1770417411061,2078.65
0.96,0.03,0.97,0.04,1770417411087,2078.65
0.95,0.03,0.97,0.04,1770417412271,2078.56
0.95,0.03,0.97,0.05,1770417412278,2078.56
0.95,0.04,0.97,0.05,1770417412573,2078.56
0.95,0.04,0.96,0.05,1770417412577,2078.56
0.95,0.04,0.97,0.05,1770417417348,2077.85
0.95,0.03,0.97,0.05,1770417417378,2077.85
0.95,0.04,0.97,0.05,1770417418817,2077.88
0.95,0.04,0.96,0.05,1770417418841,2077.88
0.95,0.03,0.96,0.05,1770417419475,2077.73
0.95,0.03,0.97,0.05,1770417419489,2077.73
0.96,0.03,0.97,0.05,1770417422137,2077.87
0.96,0.03,0.97,0.04,1770417422160,2077.87
0.95,0.03,0.97,0.04,1770417423932,2078.12
0.95,0.03,0.97,0.05,1770417423933,2078.12
0.95,0.04,0.97,0.05,1770417424008,2078.12
0.95,0.04,0.96,0.05,1770417424012,2078.12
0.95,0.03,0.96,0.05,1770417424103,2078.12
0.95,0.03,0.97,0.05,1770417424104,2078.12
0.95,0.04,0.97,0.05,1770417424471,2077.68
0.95,0.04,0.96,0.05,1770417424473,2077.68
0.95,0.04,0.97,0.05,1770417429730,2076.71
0.95,0.03,0.97,0.05,1770417429754,2076.71
0.95,0.04,0.97,0.05,1770417432070,2077.13
0.95,0.04,0.96,0.05,1770417432071,2077.13
0.95,0.03,0.96,0.05,1770417432098,2077.13
0.95,0.03,0.97,0.05,1770417432099,2077.13
0.95,0.04,0.97,0.05,1770417432118,2077.13
0.95,0.04,0.96,0.05,1770417432120,2077.13
0.94,0.04,0.96,0.05,1770417434063,2076.71
0.94,0.04,0.96,0.06,1770417434064,2076.71
0.94,0.05,0.96,0.06,1770417434114,2076.71
0.94,0.05,0.95,0.06,1770417434116,2076.71
0.94,0.04,0.95,0.06,1770417443672,2076.23
0.94,0.04,0.96,0.06,1770417443695,2076.23
0.94,0.05,0.96,0.06,1770417443746,2076.23
0.94,0.05,0.95,0.06,1770417443747,2076.23
0.94,0.04,0.95,0.06,1770417443766,2076.23
0.94,0.04,0.96,0.06,1770417443767,2076.23
0.95,0.04,0.96,0.06,1770417443808,2076.23
0.95,0.04,0.96,0.05,1770417443809,2076.23
0.95,0.03,0.96,0.05,1770417444239,2076.5
0.95,0.03,0.97,0.05,1770417444243,2076.5
0.95,0.04,0.97,0.05,1770417450107,2076.56
0.95,0.04,0.96,0.05,1770417450130,2076.56
0.95,0.03,0.96,0.05,1770417472900,2076.01
0.95,0.03,0.97,0.05,1770417472910,2076.01
0.96,0.03,0.97,0.05,1770417478908,2076.1
0.96,0.03,0.97,0.04,1770417478933,2076.1
0.95,0.03,0.97,0.04,1770417484814,2076.98
0.95,0.03,0.97,0.05,1770417484824,2076.98
0.95,0.04,0.97,0.05,1770417485010,2076.98
0.95,0.04,0.96,0.05,1770417485011,2076.98
0.95,0.03,0.96,0.05,1770417485199,2076.98
0.95,0.03,0.97,0.05,1770417485221,2076.98
0.95,0.04,0.97,0.05,1770417485251,2076.98
0.95,0.04,0.96,0.05,1770417485261,2076.98
0.95,0.03,0.96,0.05,1770417485361,2076.61
0.95,0.03,0.97,0.05,1770417485362,2076.61
0.95,0.04,0.97,0.05,1770417485374,2076.61
0.95,0.04,0.96,0.05,1770417485392,2076.61
0.95,0.03,0.96,0.05,1770417485830,2076.61
0.95,0.03,0.97,0.05,1770417485832,2076.61
0.96,0.03,0.97,0.05,1770417490590,2076.5
0.96,0.03,0.97,0.04,1770417490598,2076.5
0.96,0.03,0.98,0.04,1770417508370,2079.42
0.96,0.02,0.98,0.04,1770417508401,2079.42
0.96,0.02,0.97,0.04,1770417508402,2079.42
0.96,0.03,0.97,0.04,1770417508405,2079.42
0.96,0.03,0.98,0.04,1770417508427,2079.42
0.96,0.02,0.98,0.04,1770417508428,2079.42
0.97,0.02,0.98,0.04,1770417508453,2079.42
0.97,0.02,0.98,0.03,1770417508454,2079.42
0.95,0.02,0.98,0.03,1770417509496,2080.04
0.95,0.02,0.98,0.05,1770417509497,2080.04
0.95,0.02,0.97,0.05,1770417509535,2080.04
0.95,0.03,0.97,0.05,1770417509555,2080.04
0.96,0.03,0.97,0.05,1770417509638,2080.04
0.96,0.03,0.97,0.04,1770417509650,2080.04
0.95,0.03,0.97,0.04,1770417510059,2080.04
0.941,0.03,0.97,0.05,1770417510061,2080.04
0.942,0.03,0.97,0.059,1770417510062,2080.04
0.942,0.03,0.97,0.058,1770417510063,2080.04
0.942,0.03,0.96,0.058,1770417510091,2080.04
0.942,0.04,0.96,0.058,1770417510093,2080.04
0.941,0.04,0.96,0.058,1770417510098,2080.04
0.941,0.04,0.96,0.059,1770417510100,2080.04
0.942,0.04,0.96,0.059,1770417510184,2080.04
0.942,0.04,0.96,0.058,1770417510186,2080.04
0.95,0.04,0.96,0.058,1770417510322,2078.78
0.95,0.04,0.96,0.05,1770417510351,2078.78
0.942,0.04,0.96,0.05,1770417510402,2078.78
0.942,0.04,0.96,0.058,1770417510403,2078.78
0.943,0.04,0.96,0.058,1770417510414,2078.78
0.943,0.04,0.96,0.057,1770417510422,2078.78
0.942,0.04,0.96,0.057,1770417510453,2078.78
0.942,0.04,0.96,0.058,1770417510456,2078.78
0.943,0.04,0.96,0.058,1770417510511,2078.78
0.943,0.04,0.96,0.057,1770417510520,2078.78
0.95,0.04,0.96,0.057,1770417510555,2078.78
0.95,0.04,0.96,0.05,1770417510556,2078.78
0.95,0.04,0.97,0.05,1770417510567,2078.78
0.95,0.03,0.97,0.05,1770417510582,2078.78
0.946,0.03,0.97,0.05,1770417510854,2078.78
0.946,0.03,0.97,0.054,1770417510855,2078.78
0.95,0.03,0.97,0.054,1770417511138,2078.78
0.95,0.03,0.97,0.05,1770417511145,2078.78
0.951,0.03,0.97,0.05,1770417511937,2079.22
0.951,0.03,0.97,0.049,1770417511938,2079.22
0.952,0.03,0.97,0.049,1770417511959,2079.22
0.952,0.03,0.97,0.048,1770417511961,2079.22
0.953,0.03,0.97,0.048,1770417512010,2079.22
0.953,0.03,0.97,0.047,1770417512013,2079.22
0.96,0.03,0.97,0.047,1770417512028,2079.22
0.96,0.03,0.97,0.04,1770417512030,2079.22
0.961,0.03,0.97,0.04,1770417512076,2079.22
0.961,0.03,0.97,0.039,1770417512118,2079.22
0.961,0.03,0.98,0.039,1770417512488,2083.0
0.961,0.02,0.98,0.039,1770417512490,2083.0
0.97,0.02,0.98,0.039,1770417512493,2083.0
0.97,0.02,0.98,0.03,1770417512494,2083.0
0.97,0.02,0.99,0.03,1770417512555,2083.0
0.97,0.01,0.99,0.03,1770417512560,2083.0
0.98,0.01,0.99,0.03,1770417512575,2083.0
0.98,0.01,0.99,0.02,1770417512610,2083.0
0.981,0.01,0.99,0.02,1770417515863,2083.9
0.981,0.01,0.99,0.019,1770417515866,2083.9
0.98,0.01,0.99,0.019,1770417515920,2083.9
0.98,0.01,0.99,0.02,1770417515922,2083.9
0.977,0.01,0.99,0.02,1770417516556,2085.02
0.977,0.01,0.99,0.023,1770417516571,2085.02
0.974,0.01,0.99,0.023,1770417516628,2085.02
0.976,0.01,0.99,0.026,1770417516629,2085.02
0.976,0.01,0.99,0.024,1770417516630,2085.02
0.977,0.01,0.99,0.024,1770417516827,2085.02
0.977,0.01,0.99,0.023,1770417516828,2085.02
0.976,0.01,0.99,0.023,1770417516882,2085.02
0.976,0.01,0.99,0.024,1770417516884,2085.02
0.977,0.01,0.99,0.024,1770417517179,2085.02
0.977,0.01,0.99,0.023,1770417517188,2085.02
0.976,0.01,0.99,0.023,1770417517211,2085.02
0.976,0.01,0.99,0.024,1770417517229,2084.52
0.976,0.01,0.98,0.024,1770417517322,2084.52
0.976,0.02,0.98,0.024,1770417517326,2084.52
0.976,0.02,0.99,0.024,1770417517359,2084.52
0.976,0.01,0.99,0.024,1770417517360,2084.52
0.977,0.01,0.99,0.024,1770417517409,2084.52
0.976,0.01,0.99,0.023,1770417517428,2084.52
0.976,0.01,0.99,0.024,1770417517467,2084.52
0.976,0.01,0.98,0.024,1770417517507,2084.52
0.976,0.02,0.98,0.024,1770417517509,2084.52
0.975,0.02,0.98,0.024,1770417519154,2084.48
0.975,0.02,0.98,0.025,1770417519169,2084.48
0.974,0.02,0.98,0.025,1770417519229,2084.48
0.974,0.02,0.98,0.026,1770417519230,2084.48
0.975,0.02,0.98,0.026,1770417519326,2084.43
0.975,0.02,0.98,0.025,1770417519331,2084.43
0.976,0.02,0.98,0.025,1770417519681,2084.43
0.976,0.02,0.98,0.024,1770417519682,2084.43
0.977,0.02,0.98,0.024,1770417519970,2084.43
0.977,0.02,0.98,0.023,1770417519972,2084.43
0.976,0.02,0.98,0.023,1770417520084,2084.43
0.976,0.02,0.98,0.024,1770417520152,2084.43
0.977,0.02,0.98,0.024,1770417520158,2084.43
0.977,0.02,0.98,0.023,1770417520159,2084.43
0.978,0.02,0.98,0.023,1770417522006,2084.26
0.978,0.02,0.98,0.022,1770417522007,2084.26
0.978,0.01,0.98,0.022,1770417522374,2084.52
0.978,0.01,0.99,0.022,1770417522375,2084.52
0.977,0.01,0.99,0.022,1770417522962,2084.52
0.977,0.01,0.99,0.023,1770417522984,2084.52
0.976,0.01,0.99,0.023,1770417523036,2084.52
0.976,0.01,0.99,0.024,1770417523059,2084.52
0.975,0.01,0.99,0.024,1770417523085,2084.52
0.975,0.01,0.99,0.025,1770417523088,2084.52
0.974,0.01,0.99,0.025,1770417523140,2084.52
0.974,0.01,0.99,0.026,1770417523141,2084.52
0.973,0.01,0.99,0.026,1770417523197,2084.52
0.973,0.01,0.99,0.027,1770417523205,2084.52
0.974,0.01,0.99,0.027,1770417523274,2084.28
0.974,0.01,0.99,0.026,1770417523275,2084.28
0.973,0.01,0.99,0.026,1770417523854,2084.28
0.972,0.01,0.99,0.028,1770417523857,2084.28
0.971,0.01,0.99,0.028,1770417523969,2084.28
0.971,0.01,0.99,0.029,1770417523987,2084.28
0.971,0.01,0.98,0.029,1770417524020,2084.28
0.971,0.02,0.98,0.029,1770417524024,2084.28
0.972,0.02,0.98,0.029,1770417524076,2084.28
0.972,0.02,0.98,0.028,1770417524079,2084.28
0.972,0.02,0.99,0.028,1770417524111,2084.28
0.97,0.01,0.99,0.028,1770417524112,2084.28
0.97,0.01,0.99,0.03,1770417524114,2084.28
0.97,0.01,0.98,0.03,1770417524146,2084.28
0.97,0.01,0.99,0.03,1770417524161,2084.28
0.968,0.01,0.99,0.03,1770417524171,2084.28
0.968,0.02,0.99,0.032,1770417524176,2084.28
0.968,0.02,0.98,0.032,1770417524179,2084.28
0.969,0.02,0.98,0.032,1770417524252,2083.07
0.969,0.02,0.98,0.031,1770417524255,2083.07
0.968,0.02,0.98,0.031,1770417524279,2083.07
0.968,0.02,0.98,0.032,1770417524282,2083.07
0.967,0.02,0.98,0.032,1770417524364,2083.07
0.967,0.02,0.98,0.033,1770417524384,2083.07
0.966,0.02,0.98,0.033,1770417524518,2083.07
0.966,0.02,0.98,0.034,1770417524520,2083.07
0.96,0.02,0.98,0.034,1770417524577,2083.07
0.96,0.02,0.98,0.04,1770417524578,2083.07
0.965,0.02,0.98,0.04,1770417524579,2083.07
0.965,0.02,0.98,0.035,1770417524580,2083.07
0.965,0.03,0.98,0.035,1770417524630,2083.07
0.965,0.03,0.97,0.035,1770417524631,2083.07
0.964,0.03,0.97,0.035,1770417524678,2083.07
0.964,0.03,0.97,0.036,1770417524680,2083.07
0.964,0.02,0.97,0.036,1770417524762,2083.07
0.964,0.03,0.98,0.036,1770417524773,2083.07
0.964,0.03,0.97,0.036,1770417524782,2083.07
0.964,0.02,0.97,0.036,1770417525087,2083.07
0.964,0.02,0.98,0.036,1770417525115,2083.07
0.961,0.02,0.98,0.036,1770417525116,2083.07
0.963,0.02,0.98,0.039,1770417525117,2083.07
0.963,0.02,0.98,0.037,1770417525118,2083.07
0.964,0.02,0.98,0.037,1770417525196,2083.07
0.964,0.02,0.98,0.036,1770417525201,2083.07
0.963,0.02,0.98,0.036,1770417525227,2081.96
0.963,0.02,0.98,0.037,1770417525232,2081.96
0.962,0.02,0.98,0.037,1770417525428,2081.96
0.963,0.02,0.98,0.038,1770417525503,2081.96
0.963,0.02,0.98,0.037,1770417525504,2081.96
0.962,0.02,0.98,0.037,1770417525586,2081.96
0.962,0.02,0.98,0.038,1770417525610,2081.96
0.963,0.02,0.98,0.038,1770417525666,2081.96
0.963,0.02,0.98,0.037,1770417525667,2081.96
0.961,0.02,0.98,0.037,1770417525695,2081.96
0.961,0.02,0.98,0.039,1770417525718,2081.96
0.962,0.02,0.98,0.039,1770417525766,2081.96
0.962,0.02,0.98,0.038,1770417525772,2081.96
0.963,0.02,0.98,0.038,1770417525800,2081.96
0.963,0.02,0.98,0.037,1770417525805,2081.96
0.964,0.02,0.98,0.037,1770417526112,2081.96
0.964,0.02,0.98,0.036,1770417526113,2081.96
0.964,0.01,0.98,0.036,1770417527055,2081.69
0.98,0.01,0.99,0.036,1770417527062,2081.69
0.98,0.01,0.99,0.02,1770417527063,2081.69
0.981,0.01,0.99,0.02,1770417527600,2081.69
0.981,0.01,0.99,0.019,1770417527602,2081.69
0.982,0.01,0.99,0.019,1770417527626,2081.69
0.982,0.01,0.99,0.018,1770417527628,2081.69
0.981,0.01,0.99,0.018,1770417527651,2081.69
0.981,0.01,0.99,0.019,1770417527661,2081.69
0.98,0.01,0.99,0.019,1770417527706,2081.69
0.98,0.01,0.99,0.02,1770417527711,2081.69
0.979,0.01,0.99,0.02,1770417527825,2081.69
0.979,0.01,0.99,0.021,1770417527847,2081.69
0.978,0.01,0.99,0.021,1770417527851,2081.69
0.978,0.01,0.99,0.022,1770417527855,2081.69
0.977,0.01,0.99,0.022,1770417527857,2081.69
0.977,0.01,0.99,0.023,1770417527860,2081.69
0.98,0.01,0.99,0.023,1770417527946,2081.69
0.98,0.01,0.99,0.02,1770417527947,2081.69
0.977,0.01,0.99,0.02,1770417529540,2084.61
0.977,0.01,0.99,0.023,1770417529541,2084.61
0.978,0.01,0.99,0.023,1770417530688,2084.56
0.978,0.01,0.99,0.022,1770417531072,2084.56
0.977,0.01,0.99,0.022,1770417532158,2084.57
0.977,0.01,0.99,0.023,1770417532358,2084.57
0.978,0.01,0.99,0.023,1770417533425,2084.42
0.978,0.01,0.99,0.022,1770417533426,2084.42
0.979,0.01,0.99,0.022,1770417533467,2084.42
0.979,0.01,0.99,0.021,1770417533479,2084.42
0.98,0.01,0.99,0.021,1770417533491,2084.42
0.98,0.01,0.99,0.02,1770417533500,2084.42
0.977,0.01,0.99,0.02,1770417534596,2084.43
0.977,0.01,0.99,0.023,1770417534615,2084.43
0.975,0.01,0.99,0.023,1770417534622,2084.43
0.975,0.01,0.99,0.025,1770417534624,2084.43
0.975,0.01,0.98,0.025,1770417534667,2084.43
0.975,0.02,0.98,0.025,1770417534668,2084.43
0.974,0.02,0.98,0.025,1770417534824,2084.43
0.974,0.02,0.98,0.026,1770417534825,2084.43
0.975,0.02,0.98,0.026,1770417534845,2084.43
0.975,0.02,0.98,0.025,1770417534863,2084.43
0.974,0.02,0.98,0.025,1770417535003,2084.43
0.974,0.02,0.98,0.026,1770417535012,2084.43
0.975,0.02,0.98,0.026,1770417535558,2083.85
0.975,0.02,0.98,0.025,1770417535748,2083.85
0.976,0.02,0.98,0.025,1770417535911,2083.85
0.976,0.02,0.98,0.024,1770417535912,2083.85
0.977,0.02,0.98,0.024,1770417535946,2083.85
0.977,0.02,0.98,0.023,1770417535987,2083.85
0.977,0.01,0.98,0.023,1770417536285,2084.27
0.977,0.01,0.99,0.023,1770417536290,2084.27
0.976,0.01,0.99,0.023,1770417536291,2084.27
0.976,0.01,0.99,0.024,1770417536318,2084.27
0.977,0.01,0.99,0.024,1770417538379,2084.27
0.977,0.01,0.99,0.023,1770417538399,2084.27
0.976,0.01,0.99,0.023,1770417538441,2084.27
0.976,0.01,0.99,0.024,1770417538462,2084.27
0.977,0.01,0.99,0.024,1770417538758,2084.27
0.977,0.01,0.99,0.023,1770417538766,2084.27
0.976,0.01,0.99,0.023,1770417538989,2084.27
0.976,0.01,0.99,0.024,1770417538990,2084.27
0.977,0.01,0.99,0.024,1770417539164,2084.27
0.977,0.01,0.99,0.023,1770417539165,2084.27
0.976,0.01,0.99,0.023,1770417539789,2084.27
0.976,0.01,0.99,0.024,1770417539799,2084.27
0.977,0.01,0.99,0.024,1770417539865,2084.27
0.977,0.01,0.99,0.023,1770417539866,2084.27
0.976,0.01,0.99,0.023,1770417539909,2084.27
0.976,0.01,0.99,0.024,1770417539959,2084.27
0.977,0.01,0.99,0.024,1770417539963,2084.27
0.977,0.01,0.99,0.023,1770417539965,2084.27
0.976,0.01,0.99,0.023,1770417540011,2084.27
0.976,0.01,0.99,0.024,1770417540133,2084.27
0.98,0.01,0.99,0.024,1770417542070,2083.82
0.98,0.01,0.99,0.02,1770417542078,2083.82
0.976,0.01,0.99,0.02,1770417542855,2083.41
0.976,0.01,0.99,0.024,1770417542878,2083.41
0.976,0.02,0.99,0.024,1770417544799,2082.31
0.976,0.02,0.98,0.024,1770417544800,2082.31
0.975,0.02,0.98,0.024,1770417548796,2078.64
0.975,0.02,0.98,0.025,1770417548844,2078.64
0.974,0.02,0.98,0.025,1770417548862,2078.64
0.974,0.02,0.98,0.026,1770417548871,2078.64
0.974,0.02,0.98,0.04,1770417549365,2078.47
0.96,0.02,0.98,0.04,1770417549366,2078.47
0.96,0.03,0.98,0.04,1770417549367,2078.47
0.96,0.03,0.97,0.04,1770417549394,2078.47
0.95,0.03,0.97,0.04,1770417549935,2078.47
0.95,0.03,0.97,0.05,1770417549936,2078.47
0.96,0.03,0.97,0.05,1770417550058,2078.47
0.96,0.03,0.97,0.04,1770417550059,2078.47
0.95,0.03,0.97,0.04,1770417550452,2079.13
0.95,0.03,0.97,0.05,1770417550454,2079.13
0.95,0.04,0.97,0.05,1770417551082,2079.13
0.95,0.04,0.96,0.05,1770417551089,2079.13
0.95,0.04,0.97,0.05,1770417551626,2078.96
0.95,0.03,0.97,0.05,1770417551627,2078.96
0.95,0.04,0.97,0.05,1770417551772,2078.96
0.95,0.04,0.96,0.05,1770417551775,2078.96
0.95,0.03,0.96,0.05,1770417554784,2078.12
0.95,0.03,0.97,0.05,1770417554786,2078.12
0.95,0.03,0.67,0.05,1770417663399,2076.0
0.95,0.33,0.67,0.05,1770417663400,2076.0
0.95,0.03,0.67,0.05,1770417666119,2076.04
0.95,0.03,0.97,0.05,1770417666120,2076.04
0.96,0.03,0.97,0.05,1770417666122,2076.04
0.96,0.03,0.97,0.04,1770417666123,2076.04
0.95,0.03,0.97,0.04,1770417667144,2076.04
0.95,0.03,0.97,0.05,1770417667145,2076.04
0.94,0.03,0.97,0.05,1770417667146,2076.04
0.94,0.03,0.97,0.06,1770417667147,2076.04
0.96,0.03,0.97,0.06,1770417667151,2076.04
0.96,0.03,0.97,0.04,1770417667152,2076.04
0.963,0.03,0.97,0.037,1770417667155,2076.04
0.96,0.03,0.97,0.037,1770417670033,2075.86
0.96,0.03,0.97,0.04,1770417670050,2075.86
0.96,0.04,0.97,0.05,1770417670203,2075.86
0.95,0.04,0.96,0.05,1770417670224,2075.86
0.94,0.04,0.96,0.05,1770417670766,2075.37
0.94,0.04,0.96,0.06,1770417670775,2075.37
0.94,0.05,0.96,0.06,1770417670856,2075.37
0.94,0.05,0.95,0.06,1770417670903,2075.37
0.933,0.05,0.95,0.06,1770417670969,2075.37
0.933,0.05,0.95,0.067,1770417670975,2075.37
0.933,0.06,0.95,0.067,1770417671856,2075.08
0.933,0.06,0.94,0.067,1770417671861,2075.08
0.933,0.05,0.94,0.067,1770417672461,2074.14
0.933,0.05,0.95,0.067,1770417672462,2074.14
0.94,0.05,0.95,0.067,1770417673225,2074.21
0.94,0.05,0.95,0.06,1770417673256,2074.21
0.933,0.05,0.95,0.06,1770417674327,2074.31
0.933,0.05,0.95,0.067,1770417674328,2074.31
0.933,0.06,0.95,0.067,1770417676231,2074.31
0.933,0.06,0.94,0.067,1770417676253,2073.97
0.933,0.05,0.94,0.067,1770417676256,2073.97
0.933,0.05,0.95,0.067,1770417676257,2073.97
0.933,0.06,0.95,0.067,1770417676736,2073.97
0.933,0.06,0.94,0.067,1770417676760,2073.97
0.933,0.05,0.94,0.067,1770417676819,2073.97
0.933,0.05,0.95,0.067,1770417676847,2073.97
0.933,0.06,0.95,0.067,1770417677239,2073.95
0.933,0.06,0.94,0.067,1770417677244,2073.95
0.933,0.05,0.94,0.067,1770417677265,2073.95
0.933,0.05,0.95,0.067,1770417677267,2073.95
0.933,0.06,0.95,0.067,1770417677743,2073.95
0.933,0.06,0.94,0.067,1770417677765,2073.95
0.933,0.05,0.94,0.067,1770417677766,2073.95
0.933,0.05,0.95,0.067,1770417677771,2073.95
0.94,0.05,0.95,0.067,1770417678144,2073.95
0.94,0.05,0.95,0.06,1770417678319,2073.64
0.941,0.05,0.95,0.06,1770417678333,2073.64
0.941,0.05,0.95,0.059,1770417678355,2073.64
0.942,0.05,0.95,0.059,1770417678381,2073.64
0.942,0.05,0.95,0.058,1770417678382,2073.64
0.94,0.05,0.95,0.058,1770417678411,2073.64
0.94,0.05,0.95,0.06,1770417678426,2073.64
0.941,0.05,0.95,0.06,1770417679718,2073.48
0.941,0.05,0.95,0.059,1770417679738,2073.48
0.942,0.05,0.95,0.059,1770417679760,2073.48
0.942,0.05,0.95,0.058,1770417679764,2073.48
0.943,0.05,0.95,0.058,1770417679786,2073.48
0.944,0.05,0.95,0.057,1770417679817,2073.48
0.944,0.05,0.95,0.056,1770417679819,2073.48
0.945,0.05,0.95,0.056,1770417679841,2073.48
0.945,0.05,0.95,0.055,1770417679842,2073.48
0.946,0.05,0.95,0.055,1770417679867,2073.48
0.946,0.05,0.95,0.054,1770417679874,2073.48
0.947,0.05,0.95,0.054,1770417679898,2073.48
0.947,0.05,0.95,0.053,1770417679943,2073.48
0.948,0.05,0.95,0.053,1770417679963,2073.48
0.948,0.05,0.95,0.052,1770417680000,2073.48
0.947,0.05,0.95,0.052,1770417680241,2073.47
0.947,0.05,0.95,0.053,1770417680245,2073.47
0.946,0.05,0.95,0.054,1770417680263,2073.47
0.94,0.05,0.95,0.054,1770417680276,2073.47
0.94,0.05,0.95,0.06,1770417680278,2073.47
0.933,0.05,0.95,0.06,1770417681415,2071.92
0.94,0.05,0.95,0.067,1770417681416,2071.92
0.94,0.05,0.95,0.06,1770417681428,2071.92
0.933,0.05,0.95,0.06,1770417681432,2071.92
0.933,0.05,0.95,0.067,1770417681433,2071.92
0.94,0.05,0.95,0.067,1770417681863,2071.92
0.94,0.05,0.95,0.06,1770417681864,2071.92
0.933,0.05,0.95,0.06,1770417681883,2071.92
0.933,0.05,0.95,0.067,1770417681884,2071.92
0.94,0.05,0.95,0.067,1770417681951,2071.92
0.94,0.05,0.95,0.06,1770417681952,2071.92
0.95,0.05,0.96,0.06,1770417685830,2073.8
0.95,0.04,0.96,0.05,1770417685831,2073.8
0.94,0.04,0.96,0.05,1770417688831,2074.64
0.94,0.04,0.96,0.06,1770417688835,2074.64
0.94,0.05,0.96,0.06,1770417688992,2074.64
0.94,0.05,0.95,0.06,1770417689002,2074.64
0.94,0.04,0.95,0.06,1770417689141,2074.64
0.94,0.04,0.96,0.06,1770417689142,2074.64
0.94,0.05,0.96,0.06,1770417689317,2074.02
0.94,0.05,0.95,0.06,1770417689326,2074.02
0.94,0.04,0.95,0.06,1770417689404,2074.02
0.94,0.05,0.96,0.06,1770417689409,2074.02
0.94,0.05,0.95,0.06,1770417689413,2074.02
0.933,0.05,0.95,0.06,1770417698714,2072.68
0.933,0.05,0.95,0.067,1770417698717,2072.68
0.933,0.06,0.95,0.067,1770417698718,2072.68
0.933,0.06,0.94,0.067,1770417698719,2072.68
0.933,0.05,0.94,0.067,1770417700904,2072.47
0.933,0.05,0.95,0.067,1770417700911,2072.47
0.94,0.05,0.95,0.067,1770417700966,2072.47
0.94,0.05,0.95,0.06,1770417700974,2072.47
0.94,0.05,0.96,0.06,1770417724683,2072.74
0.94,0.04,0.96,0.06,1770417724684,2072.74
0.95,0.04,0.96,0.06,1770417724689,2072.74
0.95,0.04,0.96,0.05,1770417724691,2072.74
0.95,0.04,0.97,0.05,1770417741192,2074.63
0.95,0.03,0.97,0.05,1770417741200,2074.63
0.95,0.03,0.96,0.05,1770417744260,2075.7
0.95,0.04,0.96,0.05,1770417744261,2075.7
0.95,0.04,0.97,0.05,1770417744786,2075.7
0.95,0.03,0.97,0.05,1770417744810,2075.7
0.95,0.04,0.97,0.05,1770417746235,2075.7
0.95,0.04,0.96,0.05,1770417746251,2075.7
0.95,0.03,0.96,0.05,1770417746838,2075.38
0.95,0.03,0.97,0.05,1770417746840,2075.38
0.95,0.04,0.97,0.05,1770417746867,2075.38
0.95,0.04,0.96,0.05,1770417746868,2075.38
0.95,0.03,0.96,0.05,1770417747203,2075.38
0.95,0.03,0.97,0.05,1770417747236,2075.38
0.95,0.04,0.97,0.05,1770417752734,2074.99
0.95,0.04,0.96,0.05,1770417752735,2074.99
0.95,0.03,0.96,0.05,1770417757672,2073.82
0.95,0.03,0.97,0.05,1770417757674,2073.82
0.96,0.03,0.97,0.05,1770417757865,2073.82
0.96,0.03,0.97,0.04,1770417757878,2073.82
0.95,0.03,0.97,0.04,1770417762270,2075.04
0.95,0.03,0.97,0.05,1770417762271,2075.04
0.96,0.03,0.97,0.05,1770417762947,2075.04
0.96,0.03,0.97,0.04,1770417762981,2075.04
0.95,0.03,0.97,0.04,1770417764866,2075.6
0.95,0.03,0.97,0.05,1770417764867,2075.6
0.95,0.04,0.97,0.05,1770417764879,2075.6
0.95,0.04,0.96,0.05,1770417764881,2075.6
0.95,0.03,0.96,0.05,1770417767311,2074.15
0.95,0.03,0.97,0.05,1770417767317,2074.15
0.95,0.04,0.97,0.05,1770417775972,2074.37
0.95,0.04,0.96,0.05,1770417775995,2074.37
0.95,0.03,0.96,0.05,1770417783112,2074.38
0.95,0.03,0.97,0.05,1770417783113,2074.38
0.96,0.03,0.97,0.05,1770417783425,2074.73
0.96,0.03,0.97,0.04,1770417783434,2074.73
0.95,0.03,0.97,0.04,1770417784490,2075.65
0.95,0.03,0.97,0.05,1770417784519,2075.65
0.96,0.03,0.97,0.05,1770417784624,2075.65
0.96,0.03,0.97,0.04,1770417784700,2075.65
0.95,0.03,0.97,0.04,1770417784900,2075.65
0.95,0.03,0.97,0.05,1770417784930,2075.65
0.96,0.03,0.97,0.05,1770417787484,2075.61
0.96,0.03,0.97,0.04,1770417787491,2075.61
0.96,0.021,0.97,0.04,1770417789515,2075.55
0.96,0.021,0.979,0.04,1770417789516,2075.55
0.96,0.021,0.97,0.04,1770417790481,2075.54
0.96,0.03,0.97,0.04,1770417790502,2075.54
0.96,0.03,0.979,0.04,1770417803048,2075.9
0.96,0.021,0.979,0.04,1770417803052,2075.9
0.96,0.02,0.979,0.04,1770417803918,2075.9
0.96,0.02,0.98,0.04,1770417803919,2075.9
0.96,0.03,0.98,0.04,1770417806232,2076.01
0.96,0.03,0.97,0.04,1770417806241,2075.95
0.96,0.02,0.97,0.04,1770417810029,2074.79
0.96,0.02,0.98,0.04,1770417810034,2074.79
0.96,0.021,0.98,0.04,1770417810284,2074.79
0.96,0.021,0.979,0.04,1770417810285,2074.79
0.96,0.02,0.979,0.04,1770417811176,2074.79
0.96,0.02,0.98,0.04,1770417811198,2074.79
0.97,0.02,0.98,0.04,1770417813427,2075.89
0.97,0.02,0.98,0.03,1770417813440,2075.89
0.96,0.02,0.98,0.03,1770417815462,2076.9
0.96,0.02,0.98,0.04,1770417815463,2076.9
0.96,0.024,0.98,0.04,1770417817818,2077.23
0.96,0.024,0.976,0.04,1770417817846,2077.23
0.96,0.03,0.976,0.04,1770417820293,2077.52
0.96,0.03,0.97,0.04,1770417820377,2077.52
0.96,0.024,0.97,0.04,1770417820823,2077.52
0.96,0.024,0.976,0.04,1770417820824,2077.52
0.96,0.03,0.976,0.04,1770417821935,2077.54
0.96,0.03,0.97,0.04,1770417821936,2077.54
0.96,0.024,0.97,0.04,1770417822040,2077.54
0.96,0.024,0.976,0.04,1770417822041,2077.54
0.96,0.03,0.976,0.04,1770417822207,2077.54
0.96,0.03,0.97,0.04,1770417822212,2077.54
0.96,0.024,0.97,0.04,1770417822466,2077.84
0.96,0.024,0.976,0.04,1770417822470,2077.84
0.96,0.03,0.976,0.04,1770417822476,2077.84
0.96,0.03,0.97,0.04,1770417822481,2077.84
0.96,0.024,0.97,0.04,1770417830295,2076.8
0.96,0.024,0.976,0.04,1770417830323,2076.8
0.96,0.03,0.976,0.04,1770417830724,2076.8
0.96,0.03,0.97,0.04,1770417830725,2076.8
0.96,0.024,0.97,0.04,1770417830826,2076.8
0.96,0.024,0.976,0.04,1770417830827,2076.8
0.96,0.03,0.976,0.04,1770417833260,2076.37
0.96,0.03,0.97,0.04,1770417833296,2076.37
0.96,0.024,0.97,0.04,1770417833494,2076.37
0.96,0.024,0.976,0.04,1770417833495,2076.37
0.96,0.03,0.976,0.04,1770417835627,2076.64
0.96,0.03,0.97,0.04,1770417835649,2076.64
0.96,0.031,0.97,0.04,1770417869936,2072.85
0.96,0.031,0.969,0.04,1770417869937,2072.85
0.95,0.031,0.969,0.04,1770417870467,2070.99
0.95,0.031,0.969,0.05,1770417870475,2070.99
0.95,0.04,0.969,0.05,1770417870490,2070.99
0.95,0.04,0.96,0.05,1770417870492,2070.99
0.94,0.04,0.96,0.05,1770417872188,2071.0
0.94,0.04,0.96,0.06,1770417872189,2071.0
0.95,0.04,0.96,0.06,1770417872295,2071.13
0.95,0.04,0.96,0.05,1770417872296,2071.13
0.96,0.04,0.968,0.05,1770417873630,2071.83
0.96,0.032,0.968,0.04,1770417873644,2071.83
0.95,0.032,0.968,0.04,1770417873686,2071.83
0.95,0.032,0.968,0.05,1770417873693,2071.83
0.96,0.032,0.968,0.05,1770417873807,2071.83
0.96,0.032,0.968,0.04,1770417873816,2071.83
0.95,0.032,0.968,0.04,1770417873924,2071.83
0.95,0.032,0.968,0.05,1770417873970,2071.83
0.96,0.032,0.968,0.05,1770417876639,2071.88
0.96,0.032,0.968,0.04,1770417876640,2071.88
0.95,0.032,0.968,0.04,1770417877602,2071.88
0.95,0.032,0.968,0.05,1770417877607,2071.88
0.96,0.032,0.968,0.05,1770417877646,2071.88
0.96,0.032,0.968,0.04,1770417877647,2071.88
0.95,0.032,0.968,0.04,1770417877670,2071.88
0.95,0.032,0.968,0.05,1770417877671,2071.88
0.95,0.04,0.968,0.05,1770417877787,2071.88
0.95,0.04,0.96,0.05,1770417877789,2071.88
0.95,0.03,0.96,0.05,1770417877884,2071.88
0.95,0.03,0.97,0.05,1770417877895,2071.88
0.95,0.038,0.97,0.05,1770417877901,2071.88
0.95,0.038,0.962,0.05,1770417877904,2071.88
0.95,0.04,0.962,0.05,1770417878026,2071.88
0.95,0.04,0.96,0.05,1770417878027,2071.88
0.94,0.04,0.96,0.05,1770417879180,2071.77
0.94,0.04,0.96,0.06,1770417879185,2071.77
0.94,0.041,0.96,0.06,1770417879234,2071.77
0.94,0.041,0.959,0.06,1770417879243,2071.48
0.94,0.05,0.959,0.06,1770417879345,2071.48
0.94,0.05,0.95,0.06,1770417879363,2071.48
0.94,0.041,0.95,0.06,1770417879526,2071.48
0.94,0.041,0.959,0.06,1770417879538,2071.48
0.94,0.05,0.959,0.06,1770417879664,2071.48
0.94,0.05,0.95,0.06,1770417879680,2071.48
0.94,0.041,0.95,0.06,1770417879848,2071.48
0.94,0.041,0.959,0.06,1770417879873,2071.48
0.94,0.05,0.959,0.06,1770417879935,2071.48
0.94,0.05,0.95,0.06,1770417879936,2071.48
0.94,0.041,0.95,0.06,1770417880064,2071.48
0.94,0.041,0.959,0.06,1770417880065,2071.48
0.94,0.05,0.959,0.06,1770417880187,2071.48
0.94,0.05,0.95,0.06,1770417880188,2071.48
0.94,0.04,0.95,0.06,1770417880301,2070.99
0.94,0.04,0.96,0.06,1770417880302,2070.99
0.94,0.043,0.96,0.06,1770417880387,2070.99
0.94,0.043,0.957,0.06,1770417880399,2070.99
0.94,0.05,0.957,0.06,1770417880479,2070.99
0.94,0.05,0.95,0.06,1770417880480,2070.99
0.94,0.043,0.95,0.06,1770417880540,2070.99
0.94,0.043,0.957,0.06,1770417880541,2070.99
0.94,0.05,0.957,0.06,1770417880545,2070.99
0.94,0.05,0.95,0.06,1770417880546,2070.99
0.94,0.043,0.95,0.06,1770417880700,2070.99
0.94,0.043,0.957,0.06,1770417880701,2070.99
0.94,0.05,0.957,0.06,1770417880794,2070.99
0.94,0.05,0.95,0.06,1770417880795,2070.99
0.94,0.043,0.95,0.06,1770417880887,2070.99
0.94,0.043,0.957,0.06,1770417880892,2070.99
0.94,0.05,0.957,0.06,1770417881047,2070.99
0.94,0.05,0.95,0.06,1770417881054,2070.99
0.94,0.04,0.95,0.06,1770417884995,2070.93
0.94,0.04,0.96,0.06,1770417885026,2070.93
0.95,0.04,0.96,0.06,1770417885684,2071.0
0.95,0.04,0.96,0.05,1770417885709,2071.0
0.95,0.041,0.96,0.05,1770417892273,2071.11
0.95,0.041,0.959,0.05,1770417892277,2071.11
0.94,0.041,0.959,0.05,1770417892621,2071.11
0.94,0.041,0.959,0.06,1770417892622,2071.11
0.94,0.05,0.959,0.06,1770417892678,2071.11
0.94,0.05,0.95,0.06,1770417892690,2071.11
0.94,0.041,0.95,0.06,1770417892803,2071.11
0.94,0.041,0.959,0.06,1770417892804,2071.11
0.94,0.05,0.959,0.06,1770417893064,2071.11
0.94,0.05,0.95,0.06,1770417893069,2071.11
0.94,0.041,0.95,0.06,1770417893162,2071.11
0.94,0.041,0.959,0.06,1770417893163,2071.11
0.94,0.05,0.959,0.06,1770417893306,2070.98
0.94,0.05,0.95,0.06,1770417893308,2070.98
0.94,0.041,0.95,0.06,1770417893421,2070.98
0.94,0.041,0.959,0.06,1770417893446,2070.98
0.94,0.05,0.959,0.06,1770417895418,2070.98
0.94,0.05,0.95,0.06,1770417895442,2070.98
0.943,0.05,0.95,0.06,1770417901511,2070.97
0.943,0.05,0.95,0.057,1770417901520,2070.97
0.943,0.045,0.95,0.057,1770417902069,2070.97
0.943,0.045,0.955,0.057,1770417902101,2070.97
0.943,0.04,0.955,0.057,1770417902455,2070.98
0.943,0.04,0.96,0.057,1770417902470,2070.98
0.943,0.041,0.96,0.057,1770417904427,2070.91
0.943,0.041,0.959,0.057,1770417904439,2070.91
0.95,0.041,0.959,0.057,1770417905766,2070.87
0.95,0.041,0.959,0.05,1770417905792,2070.87
0.943,0.041,0.959,0.05,1770417905811,2070.87
0.943,0.041,0.959,0.057,1770417905819,2070.87
0.95,0.041,0.959,0.057,1770417906267,2070.83
0.95,0.041,0.959,0.05,1770417906273,2070.83
0.943,0.041,0.959,0.05,1770417906578,2070.83
0.943,0.041,0.959,0.057,1770417906579,2070.83
0.95,0.041,0.959,0.057,1770417906777,2070.83
0.943,0.041,0.959,0.05,1770417906798,2070.83
0.943,0.041,0.959,0.057,1770417906799,2070.83
0.95,0.041,0.959,0.057,1770417907273,2070.83
0.95,0.041,0.959,0.05,1770417907299,2070.83
0.943,0.041,0.959,0.05,1770417907305,2070.83
0.943,0.041,0.959,0.057,1770417907312,2070.83
0.95,0.041,0.959,0.057,1770417907777,2070.83
0.95,0.041,0.959,0.05,1770417907800,2070.83
0.943,0.041,0.959,0.05,1770417907857,2070.83
0.943,0.041,0.959,0.057,1770417907896,2070.83
0.95,0.041,0.959,0.057,1770417908279,2070.76
0.95,0.041,0.959,0.05,1770417908305,2070.76
0.943,0.041,0.959,0.05,1770417908371,2070.76
0.943,0.041,0.959,0.057,1770417908372,2070.76
0.94,0.041,0.959,0.057,1770417909080,2070.76
0.94,0.041,0.959,0.06,1770417909106,2070.76
0.94,0.05,0.959,0.06,1770417909167,2070.76
0.94,0.05,0.95,0.06,1770417909170,2070.76
0.94,0.041,0.95,0.06,1770417909300,2070.69
0.94,0.041,0.959,0.06,1770417909312,2070.69
0.94,0.05,0.959,0.06,1770417909413,2070.69
0.94,0.05,0.95,0.06,1770417909414,2070.69
0.94,0.041,0.95,0.06,1770417909521,2070.69
0.94,0.041,0.959,0.06,1770417909522,2070.69
0.94,0.05,0.959,0.06,1770417910617,2070.69
0.94,0.05,0.95,0.06,1770417910618,2070.69
0.94,0.04,0.95,0.06,1770417911065,2070.69
0.94,0.04,0.96,0.06,1770417911078,2070.69
0.94,0.041,0.96,0.06,1770417911143,2070.69
0.94,0.041,0.959,0.06,1770417911156,2070.69
0.94,0.05,0.959,0.06,1770417911855,2070.55
0.94,0.05,0.95,0.06,1770417911871,2070.55
0.933,0.05,0.95,0.06,1770417916815,2070.04
0.933,0.05,0.95,0.067,1770417916842,2070.04
0.933,0.051,0.95,0.067,1770417916874,2070.04
0.933,0.051,0.949,0.067,1770417916875,2070.04
0.94,0.051,0.949,0.067,1770417922494,2070.06
0.94,0.051,0.949,0.06,1770417922499,2070.06
0.94,0.05,0.949,0.06,1770417924941,2070.2
0.94,0.05,0.95,0.06,1770417924947,2070.2
0.94,0.04,0.95,0.06,1770417924987,2070.2
0.94,0.04,0.96,0.06,1770417924989,2070.2
0.94,0.041,0.96,0.06,1770417925105,2070.2
0.94,0.041,0.959,0.06,1770417925115,2070.2
0.94,0.05,0.959,0.06,1770417927633,2070.69
0.94,0.05,0.95,0.06,1770417927634,2070.69
0.943,0.05,0.95,0.06,1770417931030,2070.69
0.943,0.05,0.95,0.057,1770417931031,2070.69
0.943,0.046,0.95,0.057,1770417931125,2070.69
0.943,0.046,0.954,0.057,1770417931130,2070.69
0.943,0.051,0.954,0.057,1770417934175,2070.69
0.943,0.051,0.949,0.057,1770417934176,2070.69
0.94,0.051,0.949,0.057,1770417937794,2070.69
0.94,0.051,0.949,0.06,1770417937816,2070.69
0.941,0.051,0.949,0.06,1770417945502,2070.99
0.941,0.051,0.949,0.059,1770417945506,2070.99
0.942,0.051,0.949,0.059,1770417945556,2070.99
0.942,0.051,0.949,0.058,1770417945561,2070.99
0.943,0.051,0.949,0.058,1770417945579,2070.99
0.943,0.051,0.949,0.057,1770417945580,2070.99
0.941,0.051,0.949,0.057,1770417945621,2070.99
0.941,0.051,0.949,0.059,1770417945623,2070.99
0.94,0.051,0.949,0.059,1770417945787,2070.99
0.94,0.051,0.949,0.06,1770417945793,2070.99
0.941,0.051,0.949,0.06,1770417946087,2070.99
0.941,0.051,0.949,0.059,1770417946102,2070.99
0.942,0.051,0.949,0.059,1770417946169,2070.99
0.942,0.051,0.949,0.058,1770417946170,2070.99
0.943,0.051,0.949,0.058,1770417946360,2070.96
0.943,0.051,0.949,0.057,1770417946452,2070.96
0.944,0.051,0.949,0.057,1770417946842,2070.96
0.944,0.051,0.949,0.056,1770417946843,2070.96
0.943,0.051,0.949,0.056,1770417946862,2070.96
0.943,0.051,0.949,0.057,1770417946869,2070.96
0.944,0.051,0.949,0.057,1770417948777,2071.2
0.944,0.051,0.949,0.056,1770417948853,2071.2
0.943,0.051,0.949,0.056,1770417949198,2071.2
0.943,0.051,0.949,0.057,1770417949206,2071.2
0.942,0.051,0.949,0.057,1770417949254,2071.2
0.942,0.051,0.949,0.058,1770417949255,2071.2
0.941,0.051,0.949,0.058,1770417950052,2071.2
0.941,0.051,0.949,0.059,1770417950053,2071.2
0.94,0.051,0.949,0.059,1770417951396,2071.17
0.94,0.051,0.949,0.06,1770417951399,2071.17
0.943,0.051,0.949,0.06,1770417961050,2070.8
0.943,0.051,0.949,0.057,1770417961153,2070.8
0.94,0.051,0.949,0.057,1770417967911,2070.73
0.94,0.051,0.949,0.06,1770417967939,2070.73
0.933,0.051,0.949,0.06,1770417983559,2069.91
0.933,0.051,0.949,0.067,1770417983560,2069.91
0.933,0.05,0.949,0.067,1770417983691,2069.91
0.933,0.05,0.95,0.067,1770417983694,2069.91
0.933,0.051,0.95,0.067,1770417983808,2069.91
0.933,0.051,0.949,0.067,1770417983809,2069.91
0.943,0.051,0.949,0.067,1770417983829,2069.91
0.943,0.051,0.949,0.057,1770417983846,2069.91
0.943,0.06,0.949,0.067,1770417986275,2069.26
0.933,0.06,0.94,0.067,1770417986276,2069.26
0.933,0.051,0.94,0.067,1770417986356,2069.26
0.933,0.051,0.949,0.067,1770417986367,2069.26
0.94,0.051,0.949,0.067,1770417986633,2069.26
0.94,0.051,0.949,0.06,1770417986656,2069.26
0.933,0.051,0.949,0.06,1770417986856,2069.26
0.933,0.051,0.949,0.067,1770417986878,2069.26
0.94,0.051,0.949,0.067,1770417987133,2069.26
0.94,0.051,0.949,0.06,1770417987142,2069.26
0.933,0.051,0.949,0.06,1770417987192,2069.26
0.933,0.051,0.949,0.067,1770417987193,2069.26
0.94,0.051,0.949,0.067,1770417987654,2069.25
0.94,0.051,0.949,0.06,1770417987655,2069.25
0.933,0.051,0.949,0.06,1770417987881,2069.25
0.933,0.051,0.949,0.067,1770417987901,2069.25
0.94,0.051,0.949,0.067,1770417988141,2069.25
0.94,0.051,0.949,0.06,1770417988142,2069.25
0.933,0.051,0.949,0.06,1770417988213,2069.25
0.933,0.051,0.949,0.067,1770417988214,2069.25
0.933,0.051,0.94,0.067,1770417989264,2069.05
0.933,0.06,0.94,0.067,1770417989265,2069.05
0.933,0.06,0.95,0.067,1770417989375,2069.05
0.933,0.05,0.95,0.067,1770417989376,2069.05
0.933,0.059,0.95,0.067,1770417989379,2069.05
0.933,0.059,0.941,0.067,1770417989380,2069.05
0.933,0.05,0.941,0.067,1770417989427,2069.05
0.933,0.05,0.95,0.067,1770417989429,2069.05
0.933,0.057,0.95,0.067,1770417989479,2069.05
0.933,0.057,0.943,0.067,1770417989480,2069.05
0.94,0.057,0.943,0.067,1770417989648,2069.05
0.94,0.057,0.943,0.06,1770417989658,2069.05
0.933,0.057,0.943,0.06,1770417989671,2069.05
0.933,0.057,0.943,0.067,1770417989672,2069.05
0.94,0.057,0.943,0.067,1770417990156,2069.05
0.94,0.057,0.943,0.06,1770417990157,2069.05
0.933,0.057,0.943,0.06,1770417990182,2069.05
0.933,0.057,0.943,0.067,1770417990183,2069.05
0.94,0.057,0.943,0.067,1770417990657,2068.97
0.94,0.057,0.943,0.06,1770417990681,2068.97
0.933,0.057,0.943,0.06,1770417990877,2068.97
0.933,0.057,0.943,0.067,1770417990905,2068.97
0.94,0.057,0.943,0.067,1770417991157,2068.97
0.94,0.057,0.943,0.06,1770417991181,2068.97
0.933,0.057,0.943,0.06,1770417991242,2068.98
0.933,0.057,0.943,0.067,1770417991289,2068.98
0.94,0.057,0.943,0.067,1770417991667,2068.98
0.94,0.057,0.943,0.06,1770417991685,2068.98
0.933,0.057,0.943,0.06,1770417991883,2068.98
0.933,0.057,0.943,0.067,1770417991906,2068.98
0.94,0.057,0.943,0.067,1770417992185,2068.98
0.94,0.057,0.943,0.06,1770417992186,2068.98
0.933,0.057,0.943,0.06,1770417992198,2068.98
0.933,0.057,0.943,0.067,1770417992199,2068.98
0.933,0.05,0.943,0.067,1770417992513,2068.98
0.933,0.05,0.95,0.067,1770417992520,2068.98
0.94,0.05,0.95,0.067,1770417992664,2068.98
0.94,0.05,0.95,0.06,1770417992670,2068.98
0.933,0.05,0.95,0.06,1770417992710,2068.98
0.933,0.05,0.95,0.067,1770417992711,2068.98
0.94,0.05,0.95,0.067,1770417993172,2068.98
0.94,0.05,0.95,0.06,1770417993176,2068.98
0.933,0.05,0.95,0.06,1770417993241,2069.05
0.933,0.05,0.95,0.067,1770417993292,2069.05
0.94,0.05,0.95,0.067,1770417993676,2069.05
0.94,0.05,0.95,0.06,1770417993681,2069.05
0.94,0.052,0.95,0.06,1770417997430,2069.26
0.94,0.052,0.948,0.06,1770417997443,2069.26
0.94,0.053,0.948,0.06,1770417998212,2069.26
0.94,0.053,0.947,0.06,1770417998214,2069.26
0.933,0.053,0.947,0.06,1770417998263,2069.26
0.933,0.053,0.947,0.067,1770417998264,2069.26
0.933,0.053,0.94,0.067,1770417998335,2069.26
0.933,0.06,0.94,0.067,1770417998336,2069.26
0.931,0.06,0.94,0.067,1770417998802,2069.26
0.931,0.06,0.94,0.069,1770417998803,2069.26
0.93,0.06,0.94,0.069,1770417998866,2069.26
0.93,0.07,0.94,0.072,1770417998874,2069.26
0.928,0.07,0.93,0.072,1770417998884,2069.26
0.928,0.06,0.93,0.072,1770417998932,2069.26
0.928,0.06,0.94,0.072,1770417998940,2069.26
0.928,0.061,0.94,0.072,1770417998950,2069.26
0.928,0.061,0.939,0.072,1770417998952,2069.26
0.93,0.061,0.939,0.072,1770417999724,2067.74
0.93,0.061,0.939,0.07,1770417999725,2067.74
0.93,0.052,0.939,0.07,1770418000443,2068.42
0.93,0.052,0.948,0.07,1770418000444,2068.42
0.93,0.053,0.948,0.07,1770418000535,2068.42
0.93,0.053,0.947,0.07,1770418000571,2068.42
0.93,0.06,0.947,0.07,1770418001430,2068.56
0.93,0.06,0.94,0.07,1770418001440,2068.56
0.93,0.053,0.94,0.07,1770418001454,2068.56
0.93,0.053,0.947,0.07,1770418001455,2068.56
0.93,0.06,0.947,0.07,1770418001790,2068.56
0.93,0.06,0.94,0.07,1770418001801,2068.56
0.93,0.052,0.94,0.07,1770418001901,2068.56
0.93,0.052,0.948,0.07,1770418001908,2068.56
0.93,0.053,0.948,0.07,1770418002498,2068.56
0.93,0.053,0.947,0.07,1770418002501,2068.56
0.93,0.06,0.947,0.07,1770418002516,2068.56
0.93,0.06,0.94,0.07,1770418002519,2068.56
0.93,0.061,0.94,0.07,1770418003526,2068.21
0.93,0.061,0.939,0.07,1770418003528,2068.21
0.928,0.061,0.939,0.07,1770418003596,2068.21
0.928,0.061,0.939,0.072,1770418003604,2068.21
0.926,0.061,0.939,0.072,1770418005178,2068.11
0.926,0.061,0.939,0.074,1770418005199,2068.11
0.93,0.061,0.939,0.074,1770418005285,2067.61
0.93,0.061,0.939,0.07,1770418005286,2067.61
0.93,0.052,0.939,0.07,1770418006871,2067.99
0.93,0.052,0.948,0.07,1770418006872,2067.99
0.93,0.053,0.948,0.07,1770418007429,2068.44
0.93,0.053,0.947,0.07,1770418007508,2068.44
0.93,0.053,0.94,0.07,1770418007725,2068.44
0.93,0.06,0.94,0.07,1770418007726,2068.44
0.93,0.052,0.94,0.07,1770418010354,2068.41
0.93,0.052,0.948,0.07,1770418010366,2068.41
0.93,0.053,0.948,0.07,1770418010438,2068.41
0.93,0.053,0.947,0.07,1770418010447,2068.41
0.94,0.053,0.947,0.07,1770418010671,2068.41
0.94,0.053,0.947,0.06,1770418010672,2068.41
0.93,0.053,0.947,0.06,1770418013946,2069.01
0.93,0.053,0.947,0.07,1770418013969,2069.01
0.93,0.06,0.947,0.07,1770418014000,2069.01
0.93,0.06,0.94,0.07,1770418014005,2069.01
0.93,0.053,0.94,0.07,1770418014164,2069.01
0.93,0.053,0.947,0.07,1770418014165,2069.01
0.93,0.06,0.947,0.07,1770418014269,2069.01
0.93,0.06,0.94,0.07,1770418014271,2069.01
0.93,0.053,0.94,0.07,1770418014316,2068.66
0.93,0.053,0.947,0.07,1770418014352,2068.66
0.94,0.053,0.947,0.07,1770418015393,2068.89
0.94,0.053,0.947,0.06,1770418015394,2068.89
0.93,0.053,0.947,0.06,1770418015989,2068.89
0.93,0.053,0.947,0.07,1770418015990,2068.89
0.93,0.052,0.947,0.07,1770418016614,2069.13
0.93,0.052,0.948,0.07,1770418016621,2069.13
0.94,0.052,0.948,0.07,1770418016649,2069.13
0.94,0.052,0.948,0.06,1770418016651,2069.13
0.94,0.043,0.948,0.06,1770418021121,2069.73
0.94,0.043,0.957,0.06,1770418021128,2069.73
0.94,0.04,0.957,0.06,1770418021423,2070.0
0.94,0.04,0.96,0.06,1770418021444,2070.0
0.95,0.04,0.96,0.06,1770418021448,2070.0
0.95,0.04,0.96,0.05,1770418021453,2070.0
0.95,0.041,0.96,0.05,1770418021472,2070.0
0.95,0.041,0.959,0.05,1770418021473,2070.0
0.94,0.041,0.959,0.05,1770418021481,2070.0
0.94,0.041,0.959,0.06,1770418021482,2070.0
0.95,0.041,0.959,0.06,1770418021522,2070.0
0.95,0.041,0.959,0.05,1770418021523,2070.0
0.95,0.04,0.959,0.05,1770418021588,2070.0
0.95,0.04,0.96,0.05,1770418021590,2070.0
0.94,0.04,0.96,0.05,1770418023532,2070.37
0.94,0.04,0.96,0.06,1770418023540,2070.37
0.95,0.04,0.96,0.06,1770418024654,2070.37
0.95,0.04,0.96,0.05,1770418024664,2070.37
0.94,0.04,0.96,0.05,1770418025255,2070.4
0.94,0.04,0.96,0.06,1770418025256,2070.4
0.95,0.04,0.96,0.06,1770418027445,2070.4
0.95,0.04,0.96,0.05,1770418027446,2070.4
0.95,0.04,0.97,0.05,1770418028885,2070.63
0.95,0.03,0.97,0.05,1770418028898,2070.63
0.96,0.03,0.97,0.05,1770418028981,2070.63
0.96,0.03,0.97,0.04,1770418028982,2070.63
0.96,0.031,0.97,0.04,1770418029411,2071.51
0.96,0.031,0.969,0.04,1770418029428,2071.51
0.96,0.03,0.969,0.04,1770418030790,2071.72
0.96,0.03,0.97,0.04,1770418030804,2071.72
0.96,0.043,0.97,0.05,1770418034806,2072.55
0.95,0.043,0.957,0.05,1770418034825,2072.55
0.95,0.04,0.957,0.05,1770418035740,2072.69
0.95,0.04,0.96,0.05,1770418035741,2072.69
0.95,0.03,0.96,0.05,1770418035892,2072.69
0.95,0.03,0.97,0.05,1770418035902,2072.69
0.96,0.03,0.97,0.05,1770418038842,2073.05
0.96,0.03,0.97,0.04,1770418038843,2073.05
0.95,0.03,0.97,0.04,1770418039519,2073.34
0.95,0.03,0.97,0.05,1770418039541,2073.34
0.96,0.03,0.97,0.05,1770418039877,2073.34
0.96,0.03,0.97,0.04,1770418039901,2073.34
0.95,0.03,0.97,0.04,1770418041233,2073.79
0.95,0.03,0.97,0.05,1770418041234,2073.79
0.95,0.031,0.97,0.05,1770418043220,2073.95
0.95,0.031,0.969,0.05,1770418043417,2074.1
0.95,0.04,0.969,0.05,1770418047241,2074.51
0.95,0.04,0.96,0.05,1770418047265,2074.51
0.95,0.031,0.96,0.05,1770418047786,2074.51
0.95,0.031,0.969,0.05,1770418047835,2074.51
0.96,0.031,0.969,0.05,1770418050549,2074.32
0.96,0.031,0.969,0.04,1770418050551,2074.32
0.95,0.031,0.969,0.04,1770418050834,2074.32
0.95,0.031,0.969,0.05,1770418050873,2074.32
0.96,0.031,0.969,0.05,1770418050968,2074.32
0.96,0.031,0.969,0.04,1770418050980,2074.32
0.95,0.031,0.969,0.04,1770418051052,2074.32
0.95,0.031,0.969,0.05,1770418051053,2074.32
0.96,0.031,0.969,0.05,1770418051463,2074.51
0.96,0.031,0.969,0.04,1770418051464,2074.51
0.95,0.031,0.969,0.04,1770418051605,2074.51
0.95,0.031,0.969,0.05,1770418051631,2074.51
0.96,0.031,0.969,0.05,1770418051971,2074.51
0.96,0.031,0.969,0.04,1770418051995,2074.51
0.95,0.031,0.969,0.04,1770418052167,2074.51
0.95,0.031,0.969,0.05,1770418052194,2074.51
0.96,0.031,0.969,0.05,1770418052341,2074.51
0.96,0.031,0.969,0.04,1770418052342,2074.51
0.95,0.031,0.969,0.04,1770418052365,2074.51
0.95,0.031,0.969,0.05,1770418052369,2074.51
0.96,0.031,0.969,0.05,1770418052472,2074.51
0.96,0.031,0.969,0.04,1770418052473,2074.51
0.95,0.031,0.969,0.04,1770418052554,2074.51
0.95,0.031,0.969,0.05,1770418052601,2074.51
0.96,0.031,0.969,0.05,1770418052974,2074.51
0.96,0.031,0.969,0.04,1770418053009,2074.51
0.95,0.031,0.969,0.04,1770418053193,2074.51
0.95,0.031,0.969,0.05,1770418053199,2074.51
0.96,0.031,0.969,0.05,1770418053480,2074.6
0.96,0.031,0.969,0.04,1770418053506,2074.6
0.95,0.031,0.969,0.04,1770418053708,2074.6
0.95,0.031,0.969,0.05,1770418053748,2074.6
0.96,0.031,0.969,0.05,1770418053979,2074.6
0.96,0.031,0.969,0.04,1770418054002,2074.6
0.95,0.031,0.969,0.04,1770418054197,2074.6
0.95,0.031,0.969,0.05,1770418054224,2074.6
0.96,0.031,0.969,0.05,1770418054485,2074.6
0.96,0.031,0.969,0.04,1770418054510,2074.6
0.95,0.031,0.969,0.04,1770418054708,2074.6
0.95,0.031,0.969,0.05,1770418054731,2074.6
0.96,0.031,0.969,0.05,1770418054988,2074.6
0.96,0.031,0.969,0.04,1770418055012,2074.6
0.95,0.031,0.969,0.04,1770418055207,2074.6
0.95,0.031,0.969,0.05,1770418055232,2074.6
0.96,0.031,0.969,0.05,1770418055488,2074.6
0.96,0.031,0.969,0.04,1770418055513,2074.6
0.95,0.031,0.969,0.04,1770418055670,2074.6
0.95,0.031,0.969,0.05,1770418055694,2074.6
0.96,0.031,0.969,0.05,1770418058003,2074.51
0.96,0.031,0.969,0.04,1770418058028,2074.51
0.95,0.031,0.969,0.04,1770418058244,2074.51
0.95,0.031,0.969,0.05,1770418058271,2074.51
0.96,0.031,0.969,0.05,1770418058507,2074.51
0.96,0.031,0.969,0.04,1770418058531,2074.51
0.95,0.031,0.969,0.04,1770418058736,2074.51
0.95,0.031,0.969,0.05,1770418058737,2074.51
0.96,0.031,0.969,0.05,1770418058946,2074.51
0.96,0.031,0.969,0.04,1770418058959,2074.51
0.96,0.03,0.969,0.031,1770418059602,2074.51
0.969,0.03,0.97,0.031,1770418059645,2074.51
0.969,0.02,0.97,0.031,1770418072070,2074.78
0.969,0.02,0.98,0.031,1770418072071,2074.78
0.969,0.03,0.98,0.031,1770418072072,2074.78
0.969,0.03,0.97,0.031,1770418072097,2074.78
0.969,0.02,0.97,0.031,1770418072250,2075.24
0.97,0.02,0.98,0.031,1770418072281,2075.24
0.97,0.02,0.98,0.03,1770418072282,2075.24
0.969,0.02,0.98,0.03,1770418072888,2075.24
0.969,0.02,0.98,0.031,1770418072889,2075.24
0.969,0.02,0.97,0.031,1770418073479,2075.36
0.969,0.03,0.97,0.031,1770418073505,2075.36
0.969,0.03,0.98,0.031,1770418073519,2075.36
0.969,0.02,0.98,0.031,1770418073534,2075.36
0.969,0.03,0.98,0.031,1770418076591,2075.41
0.969,0.03,0.97,0.031,1770418076615,2075.41
0.969,0.02,0.97,0.031,1770418076809,2075.41
0.969,0.02,0.98,0.031,1770418076810,2075.41
0.969,0.03,0.98,0.031,1770418077096,2075.41
0.969,0.03,0.97,0.031,1770418077097,2075.41
0.969,0.02,0.97,0.031,1770418077322,2075.41
0.969,0.02,0.98,0.031,1770418077349,2075.41
0.969,0.03,0.98,0.031,1770418077597,2075.41
0.969,0.03,0.97,0.031,1770418077605,2075.41
0.969,0.02,0.97,0.031,1770418077620,2075.41
0.969,0.02,0.98,0.031,1770418077622,2075.41
0.97,0.02,0.98,0.031,1770418079125,2075.41
0.97,0.02,0.98,0.03,1770418079127,2075.41
0.969,0.02,0.98,0.03,1770418079636,2075.41
0.969,0.02,0.98,0.031,1770418079649,2075.41
0.969,0.03,0.98,0.031,1770418082626,2075.67
0.969,0.03,0.97,0.031,1770418082650,2075.67
0.969,0.02,0.97,0.031,1770418082846,2075.67
0.969,0.02,0.98,0.031,1770418082872,2075.67
0.969,0.03,0.98,0.031,1770418083130,2075.67
0.969,0.03,0.97,0.031,1770418083156,2075.67
0.969,0.02,0.97,0.031,1770418083247,2075.67
0.969,0.02,0.98,0.031,1770418083295,2075.74
0.969,0.03,0.98,0.031,1770418083630,2075.74
0.969,0.03,0.97,0.031,1770418083631,2075.74
0.969,0.02,0.97,0.031,1770418083860,2075.74
0.969,0.02,0.98,0.031,1770418083900,2075.74
0.969,0.03,0.98,0.031,1770418084132,2075.74
0.969,0.03,0.97,0.031,1770418084147,2075.74
0.969,0.02,0.97,0.031,1770418084242,2075.74
0.969,0.02,0.98,0.031,1770418084275,2075.74
0.969,0.03,0.98,0.031,1770418084635,2075.74
0.969,0.03,0.97,0.031,1770418084636,2075.74
0.96,0.03,0.97,0.031,1770418084738,2075.74
0.96,0.03,0.97,0.04,1770418084739,2075.74
0.96,0.02,0.97,0.04,1770418084854,2075.74
0.96,0.03,0.98,0.04,1770418085140,2075.74
0.96,0.03,0.97,0.04,1770418085149,2075.74
0.96,0.02,0.97,0.04,1770418085359,2075.74
0.96,0.02,0.98,0.04,1770418085418,2075.74
0.96,0.02,0.97,0.04,1770418087334,2075.74
0.96,0.03,0.97,0.04,1770418087363,2075.74
0.96,0.03,0.98,0.04,1770418089363,2075.74
0.96,0.02,0.98,0.04,1770418089401,2075.74
0.96,0.03,0.98,0.04,1770418089661,2075.74
0.96,0.03,0.97,0.04,1770418089756,2075.74
0.96,0.02,0.97,0.04,1770418089886,2075.74
0.96,0.02,0.98,0.04,1770418089946,2075.74
0.96,0.03,0.98,0.04,1770418090164,2075.74
0.96,0.03,0.97,0.04,1770418090166,2075.74
0.96,0.02,0.97,0.04,1770418090200,2075.74
0.96,0.02,0.98,0.04,1770418090201,2075.74
0.97,0.02,0.98,0.04,1770418090674,2075.91
0.97,0.02,0.98,0.03,1770418090702,2075.91
0.96,0.02,0.98,0.03,1770418095143,2076.66
0.96,0.02,0.98,0.04,1770418095164,2076.66
0.97,0.02,0.98,0.04,1770418095222,2076.66
0.97,0.02,0.98,0.03,1770418095246,2076.66
0.97,0.011,0.98,0.03,1770418106917,2078.69
0.97,0.011,0.989,0.03,1770418106941,2078.69
0.97,0.01,0.989,0.03,1770418106956,2078.69
0.97,0.01,0.99,0.03,1770418106964,2078.69
0.97,0.011,0.99,0.03,1770418107025,2078.69
0.97,0.011,0.989,0.03,1770418107063,2078.69
0.97,0.02,0.989,0.03,1770418107088,2078.69
0.97,0.02,0.98,0.03,1770418107092,2078.69
0.97,0.011,0.98,0.03,1770418107198,2078.69
0.97,0.011,0.989,0.03,1770418107199,2078.69
0.97,0.01,0.989,0.03,1770418107288,2078.69
0.97,0.01,0.99,0.03,1770418107316,2078.69
0.97,0.012,0.99,0.03,1770418107352,2078.69
0.97,0.01,0.988,0.03,1770418107416,2078.69
0.97,0.01,0.99,0.03,1770418107440,2078.69
0.97,0.012,0.99,0.03,1770418107460,2078.69
0.97,0.02,0.988,0.03,1770418107461,2078.69
0.97,0.02,0.98,0.03,1770418107465,2078.69
0.97,0.012,0.98,0.03,1770418107558,2078.69
0.97,0.012,0.988,0.03,1770418107562,2078.69
0.97,0.02,0.988,0.03,1770418107575,2078.69
0.97,0.02,0.98,0.03,1770418107576,2078.69
0.97,0.012,0.98,0.03,1770418108024,2078.69
0.97,0.012,0.988,0.03,1770418108400,2078.49
0.98,0.012,0.988,0.03,1770418108784,2078.49
0.98,0.012,0.988,0.02,1770418108785,2078.49
0.98,0.01,0.988,0.02,1770418109089,2078.49
0.98,0.01,0.99,0.02,1770418109114,2078.49
0.98,0.011,0.99,0.02,1770418109212,2078.49
0.98,0.011,0.989,0.02,1770418109216,2078.49
0.98,0.01,0.989,0.02,1770418110361,2078.74
0.98,0.01,0.99,0.02,1770418110388,2078.74
0.98,0.012,0.99,0.02,1770418110449,2078.74
0.98,0.012,0.988,0.02,1770418110453,2078.74
0.98,0.01,0.988,0.02,1770418110863,2078.74
0.98,0.01,0.99,0.02,1770418110886,2078.74
0.98,0.011,0.99,0.02,1770418110910,2078.74
0.98,0.011,0.989,0.02,1770418110912,2078.74
0.98,0.01,0.989,0.02,1770418111774,2078.57
0.98,0.01,0.99,0.02,1770418111789,2078.57
0.98,0.012,0.99,0.02,1770418111842,2078.57
0.98,0.012,0.988,0.02,1770418111851,2078.57
0.98,0.01,0.988,0.02,1770418112734,2078.48
0.98,0.01,0.99,0.02,1770418112735,2078.48
0.98,0.011,0.99,0.02,1770418113107,2078.48
0.98,0.011,0.989,0.02,1770418113131,2078.48
0.97,0.011,0.989,0.02,1770418113704,2078.49
0.97,0.011,0.989,0.03,1770418113724,2078.49
0.97,0.011,0.98,0.03,1770418113740,2078.49
0.97,0.02,0.98,0.03,1770418113751,2078.49
0.97,0.02,0.989,0.03,1770418114312,2078.66
0.98,0.011,0.989,0.03,1770418114314,2078.66
0.98,0.011,0.989,0.02,1770418114344,2078.66
0.98,0.01,0.989,0.02,1770418116566,2078.66
0.98,0.01,0.99,0.02,1770418116570,2078.66
0.97,0.01,0.99,0.02,1770418116597,2078.66
0.97,0.01,0.99,0.03,1770418116606,2078.66
0.97,0.01,0.98,0.03,1770418116637,2078.66
0.97,0.02,0.98,0.03,1770418116649,2078.66
0.97,0.02,0.99,0.03,1770418117198,2078.66
0.97,0.01,0.99,0.03,1770418117204,2078.66
0.98,0.01,0.99,0.03,1770418117233,2082.11
0.98,0.01,0.99,0.02,1770418117234,2082.11
0.97,0.01,0.99,0.02,1770418117792,2082.11
0.97,0.01,0.99,0.03,1770418117793,2082.11
0.97,0.01,0.98,0.03,1770418117830,2082.11
0.97,0.02,0.98,0.03,1770418117832,2082.11
0.97,0.01,0.98,0.03,1770418117902,2082.11
0.97,0.01,0.99,0.03,1770418117903,2082.11
0.97,0.02,0.99,0.03,1770418119357,2082.65
0.97,0.02,0.98,0.03,1770418119378,2082.65
0.97,0.01,0.98,0.03,1770418119439,2082.65
0.97,0.01,0.99,0.03,1770418119440,2082.65
0.97,0.02,0.99,0.03,1770418119593,2082.65
0.97,0.02,0.98,0.03,1770418119618,2082.65
0.97,0.01,0.98,0.03,1770418119698,2082.65
0.97,0.01,0.99,0.03,1770418119702,2082.65
0.97,0.02,0.99,0.03,1770418122091,2082.34
0.97,0.02,0.98,0.03,1770418122092,2082.34
0.97,0.01,0.98,0.03,1770418122647,2081.47
0.97,0.01,0.99,0.03,1770418122653,2081.47
0.97,0.02,0.99,0.03,1770418135170,2082.74
0.97,0.02,0.98,0.03,1770418135171,2082.74
0.97,0.01,0.98,0.03,1770418135316,2081.83
0.97,0.01,0.99,0.03,1770418135317,2081.83
0.97,0.01,0.99,0.02,1770418135337,2081.83
0.98,0.01,0.99,0.02,1770418135340,2081.83
0.98,0.011,0.99,0.02,1770418157808,2078.16
0.98,0.011,0.989,0.02,1770418157819,2078.16
0.98,0.01,0.989,0.02,1770418158374,2077.53
0.98,0.01,0.99,0.02,1770418158382,2077.53
0.98,0.011,0.99,0.02,1770418158474,2077.53
0.98,0.011,0.989,0.02,1770418158500,2077.53
0.98,0.01,0.989,0.02,1770418159379,2077.22
0.98,0.01,0.99,0.02,1770418159404,2077.22
0.98,0.012,0.99,0.02,1770418159438,2077.22
0.98,0.012,0.988,0.02,1770418159439,2077.22
0.98,0.01,0.988,0.02,1770418159936,2077.22
0.98,0.01,0.99,0.02,1770418159951,2077.22
0.98,0.013,0.99,0.02,1770418160134,2077.22
0.98,0.013,0.987,0.02,1770418160148,2077.22
0.98,0.01,0.987,0.02,1770418161137,2076.71
0.98,0.01,0.99,0.02,1770418161138,2076.71
0.98,0.012,0.99,0.02,1770418161202,2076.71
0.98,0.012,0.988,0.02,1770418161222,2076.31
0.98,0.01,0.988,0.02,1770418161425,2076.31
0.98,0.01,0.99,0.02,1770418161426,2076.31
0.98,0.013,0.99,0.02,1770418161488,2076.31
0.98,0.013,0.987,0.02,1770418161514,2076.31
0.98,0.01,0.987,0.02,1770418161527,2076.31
0.98,0.01,0.99,0.02,1770418161533,2076.31
0.98,0.012,0.99,0.02,1770418161577,2076.31
0.98,0.012,0.988,0.02,1770418161593,2076.31
0.98,0.01,0.988,0.02,1770418161865,2076.31
0.98,0.01,0.99,0.02,1770418161891,2076.31
0.98,0.012,0.99,0.02,1770418161912,2076.31
0.98,0.012,0.988,0.02,1770418161917,2076.31
0.98,0.01,0.988,0.02,1770418163570,2076.78
0.98,0.01,0.99,0.02,1770418163585,2076.78
0.98,0.014,0.99,0.02,1770418163602,2076.78
0.98,0.014,0.986,0.02,1770418163609,2076.78
0.98,0.01,0.986,0.02,1770418163643,2076.78
0.98,0.01,0.99,0.02,1770418163703,2076.78
0.98,0.013,0.99,0.02,1770418163705,2076.78
0.98,0.013,0.987,0.02,1770418163722,2076.78
0.98,0.01,0.987,0.02,1770418163745,2076.78
0.98,0.01,0.99,0.02,1770418163763,2076.78
0.98,0.012,0.99,0.02,1770418163805,2076.78
0.98,0.012,0.988,0.02,1770418163829,2076.78
0.98,0.01,0.988,0.02,1770418163853,2076.78
0.98,0.01,0.99,0.02,1770418163868,2076.78
0.98,0.013,0.99,0.02,1770418163897,2076.78
0.98,0.013,0.987,0.02,1770418163898,2076.78
0.98,0.01,0.987,0.02,1770418165301,2076.34
0.98,0.01,0.99,0.02,1770418165327,2076.34
0.98,0.012,0.99,0.02,1770418165335,2076.34
0.98,0.012,0.988,0.02,1770418165336,2076.34
0.98,0.01,0.988,0.02,1770418165405,2076.34
0.98,0.01,0.99,0.02,1770418165412,2076.34
0.98,0.011,0.99,0.02,1770418165453,2076.34
0.98,0.011,0.989,0.02,1770418165469,2076.34
0.987,0.011,0.989,0.02,1770418165730,2076.34
0.987,0.011,0.989,0.013,1770418165731,2076.34
0.987,0.01,0.989,0.013,1770418166463,2077.13
0.987,0.01,0.99,0.013,1770418166490,2077.13
0.987,0.012,0.99,0.013,1770418166500,2077.13
0.987,0.012,0.988,0.013,1770418166810,2077.13
0.987,0.01,0.988,0.013,1770418166929,2077.13
0.987,0.01,0.99,0.013,1770418166976,2077.13
0.987,0.011,0.99,0.013,1770418167005,2077.13
0.987,0.011,0.989,0.013,1770418167021,2077.13
0.97,0.011,0.989,0.013,1770418167542,2077.28
0.97,0.011,0.989,0.03,1770418167543,2077.28
0.97,0.01,0.989,0.03,1770418168508,2077.55
0.97,0.01,0.99,0.03,1770418168519,2077.55
0.98,0.01,0.99,0.03,1770418168597,2077.55
0.98,0.01,0.99,0.02,1770418168621,2077.55
0.97,0.01,0.99,0.02,1770418169751,2078.06
0.97,0.01,0.99,0.03,1770418169775,2078.06
0.97,0.02,0.99,0.03,1770418171418,2078.62
0.97,0.02,0.98,0.03,1770418171419,2078.62
0.97,0.01,0.98,0.03,1770418171562,2078.62
0.97,0.01,0.99,0.03,1770418171572,2078.62
0.98,0.01,0.99,0.03,1770418174109,2078.52
0.98,0.01,0.99,0.02,1770418174147,2078.52
0.98,0.012,0.99,0.02,1770418178558,2078.25
0.98,0.012,0.988,0.02,1770418178559,2078.25
0.97,0.012,0.988,0.02,1770418178986,2078.25
0.97,0.012,0.988,0.03,1770418178987,2078.25
0.97,0.02,0.988,0.03,1770418179007,2078.25
0.97,0.02,0.98,0.03,1770418179011,2078.25
0.97,0.012,0.98,0.03,1770418182545,2077.66
0.97,0.012,0.988,0.03,1770418182546,2077.66
0.97,0.02,0.988,0.03,1770418182842,2077.66
0.97,0.02,0.98,0.03,1770418182843,2077.66
0.97,0.012,0.98,0.03,1770418182939,2077.66
0.97,0.012,0.988,0.03,1770418182943,2077.66
0.97,0.02,0.988,0.03,1770418183093,2077.66
0.97,0.02,0.98,0.03,1770418183095,2077.66
0.97,0.03,0.98,0.04,1770418183141,2077.66
0.96,0.03,0.97,0.04,1770418183159,2077.66
0.96,0.02,0.97,0.04,1770418183198,2077.66
0.96,0.02,0.98,0.04,1770418183201,2077.66
0.96,0.012,0.98,0.04,1770418183203,2077.66
0.96,0.012,0.988,0.04,1770418183205,2077.66
0.97,0.012,0.988,0.04,1770418183238,2077.52
0.97,0.012,0.988,0.03,1770418183239,2077.52
0.97,0.02,0.988,0.03,1770418183368,2077.52
0.97,0.02,0.98,0.03,1770418183369,2077.52
0.97,0.012,0.98,0.03,1770418183443,2077.52
0.97,0.012,0.988,0.03,1770418183447,2077.52
0.98,0.012,0.988,0.03,1770418184096,2077.52
0.98,0.012,0.988,0.02,1770418184100,2077.52
0.97,0.012,0.988,0.02,1770418188992,2077.13
0.97,0.012,0.988,0.03,1770418188993,2077.13
0.98,0.012,0.988,0.03,1770418189074,2077.13
0.98,0.012,0.988,0.02,1770418189076,2077.13
0.97,0.012,0.988,0.02,1770418193994,2077.06
0.97,0.012,0.988,0.03,1770418193995,2077.06
0.98,0.012,0.988,0.03,1770418194098,2077.06
0.98,0.012,0.988,0.02,1770418194101,2077.06
0.97,0.012,0.988,0.02,1770418198984,2077.34
0.97,0.012,0.988,0.03,1770418199008,2077.34
0.98,0.012,0.988,0.03,1770418199108,2077.34
0.98,0.012,0.988,0.02,1770418199133,2077.34
0.97,0.012,0.988,0.02,1770418202344,2077.68
0.97,0.012,0.988,0.03,1770418202365,2077.68
0.98,0.012,0.988,0.03,1770418210096,2078.17
0.98,0.012,0.988,0.02,1770418210097,2078.17
0.98,0.01,0.988,0.02,1770418223226,2078.36
0.98,0.01,0.99,0.02,1770418223273,2078.35
0.99,0.01,0.992,0.02,1770418232155,2078.3
0.99,0.008,0.992,0.01,1770418232175,2078.3
0.99,0.003,0.992,0.01,1770418236814,2077.73
0.99,0.009,0.997,0.01,1770418236932,2077.73
0.99,0.009,0.991,0.01,1770418237345,2077.33
0.99,0.003,0.991,0.01,1770418250957,2076.64
0.99,0.003,0.997,0.01,1770418250993,2076.64
0.99,0.009,0.997,0.01,1770418251020,2076.64
0.99,0.009,0.991,0.01,1770418251046,2076.64
0.99,0.003,0.991,0.01,1770418251204,2076.64
0.99,0.008,0.997,0.01,1770418251441,2076.88
0.99,0.008,0.992,0.01,1770418252149,2076.88
0.99,0.003,0.992,0.01,1770418254597,2077.39
0.99,0.007,0.997,0.01,1770418254793,2077.39
0.99,0.007,0.993,0.01,1770418255378,2077.52
0.99,0.003,0.993,0.01,1770418260256,2078.18
0.99,0.006,0.997,0.01,1770418260319,2078.18
0.99,0.003,0.994,0.01,1770418260365,2078.18
0.99,0.007,0.997,0.01,1770418260401,2078.18
0.99,0.007,0.993,0.01,1770418260603,2078.18
0.99,0.003,0.993,0.01,1770418263194,2078.19
0.99,0.006,0.997,0.01,1770418263253,2078.19
0.99,0.006,0.994,0.01,1770418263365,2078.19
0.99,0.003,0.994,0.01,1770418266193,2078.74
0.99,0.005,0.997,0.01,1770418266244,2078.77
0.99,0.003,0.995,0.01,1770418266565,2078.77
0.99,0.003,0.997,0.01,1770418266566,2078.77
0.99,0.006,0.997,0.01,1770418267346,2079.14
0.99,0.006,0.994,0.01,1770418268349,2079.38
0.99,0.003,0.994,0.01,1770418268553,2079.38
0.99,0.005,0.997,0.01,1770418268593,2079.38
0.994,0.005,0.995,0.01,1770418268967,2079.38
0.994,0.005,0.995,0.006,1770418268968,2079.38
0.98,0.005,0.995,0.006,1770418282753,2079.96
0.98,0.005,0.995,0.02,1770418282785,2079.96
0.98,0.01,0.995,0.02,1770418282807,2079.96
0.98,0.01,0.99,0.02,1770418282813,2079.96
0.98,0.006,0.99,0.02,1770418283476,2079.59
0.98,0.006,0.994,0.02,1770418283477,2079.59
0.98,0.003,0.994,0.02,1770418283771,2079.59
0.98,0.003,0.997,0.02,1770418283780,2079.59
0.98,0.005,0.997,0.02,1770418283809,2079.59
0.98,0.005,0.995,0.02,1770418283810,2079.59
0.98,0.003,0.995,0.02,1770418284268,2079.59
0.98,0.003,0.997,0.02,1770418284287,2079.59
0.98,0.006,0.997,0.02,1770418284355,2079.59
0.98,0.006,0.994,0.02,1770418284382,2079.59
0.98,0.003,0.994,0.02,1770418284600,2079.59
0.98,0.003,0.997,0.02,1770418284601,2079.59
0.98,0.005,0.997,0.02,1770418284700,2079.59
0.98,0.005,0.995,0.02,1770418284718,2079.59
0.98,0.003,0.995,0.02,1770418285788,2079.59
0.98,0.003,0.997,0.02,1770418285806,2079.59
0.98,0.006,0.997,0.02,1770418285861,2079.59
0.98,0.006,0.994,0.02,1770418285870,2079.59
0.99,0.006,0.994,0.02,1770418286065,2079.59
0.99,0.006,0.994,0.01,1770418286094,2079.59
0.99,0.003,0.994,0.01,1770418290646,2078.42
0.99,0.003,0.997,0.01,1770418290667,2078.42
0.99,0.007,0.997,0.01,1770418290682,2078.42
0.99,0.007,0.993,0.01,1770418290683,2078.42
0.99,0.003,0.993,0.01,1770418291277,2077.51
0.99,0.003,0.997,0.01,1770418291410,2077.51
0.99,0.007,0.997,0.01,1770418291540,2077.51
0.99,0.007,0.993,0.01,1770418291708,2077.51
0.99,0.003,0.993,0.01,1770418291858,2077.51
0.99,0.003,0.997,0.01,1770418292257,2077.16
0.99,0.008,0.997,0.01,1770418292435,2077.16
0.99,0.003,0.992,0.01,1770418292758,2077.16
0.99,0.007,0.997,0.01,1770418292829,2077.16
0.99,0.007,0.993,0.01,1770418292908,2077.16
0.99,0.003,0.993,0.01,1770418293271,2077.01
0.99,0.003,0.997,0.01,1770418293272,2077.01
0.99,0.007,0.997,0.01,1770418293770,2077.01
0.99,0.007,0.993,0.01,1770418293771,2077.01
0.99,0.003,0.993,0.01,1770418298227,2077.16
0.99,0.003,0.997,0.01,1770418298258,2077.16
0.99,0.008,0.997,0.01,1770418298589,2077.16
0.99,0.008,0.992,0.01,1770418298652,2077.16
0.98,0.008,0.992,0.01,1770418301007,2076.78
0.98,0.008,0.992,0.02,1770418301031,2076.78
0.99,0.008,0.992,0.02,1770418301074,2076.78
0.99,0.008,0.992,0.01,1770418301113,2076.78
0.98,0.008,0.992,0.01,1770418301898,2076.7
0.98,0.008,0.992,0.02,1770418301951,2076.7
0.98,0.008,0.99,0.02,1770418301952,2076.7
0.98,0.01,0.99,0.02,1770418301954,2076.7
0.98,0.01,0.994,0.02,1770418313307,2077.12
0.98,0.006,0.994,0.02,1770418313308,2077.12
0.99,0.006,0.994,0.02,1770418316098,2077.3
0.99,0.006,0.994,0.01,1770418316135,2077.3
0.98,0.006,0.994,0.01,1770418321021,2077.35
0.98,0.006,0.994,0.02,1770418321045,2077.35
0.99,0.006,0.994,0.02,1770418321106,2077.35
0.99,0.006,0.994,0.01,1770418321136,2077.35
0.99,0.003,0.994,0.01,1770418323319,2077.35
0.99,0.003,0.997,0.01,1770418323337,2077.35
0.99,0.007,0.997,0.01,1770418323365,2077.35
0.99,0.007,0.993,0.01,1770418323415,2077.35
0.99,0.003,0.993,0.01,1770418325456,2076.37
0.99,0.003,0.997,0.01,1770418325457,2076.37
0.98,0.003,0.997,0.01,1770418326029,2076.37
0.98,0.003,0.997,0.02,1770418326080,2076.37
0.99,0.003,0.997,0.02,1770418326092,2076.37
0.99,0.006,0.997,0.01,1770418326099,2076.37
0.99,0.006,0.994,0.01,1770418326120,2076.37
0.98,0.006,0.994,0.01,1770418331029,2076.37
0.98,0.006,0.994,0.02,1770418331030,2076.37
0.99,0.006,0.994,0.02,1770418331089,2076.37
0.99,0.006,0.994,0.01,1770418331090,2076.37
0.99,0.003,0.994,0.01,1770418335152,2076.44
0.99,0.003,0.997,0.01,1770418335153,2076.44
0.99,0.006,0.997,0.01,1770418335186,2076.44
0.99,0.003,0.994,0.01,1770418335330,2076.6
0.99,0.003,0.997,0.01,1770418335331,2076.6
0.99,0.006,0.997,0.01,1770418335425,2076.6
0.99,0.006,0.994,0.01,1770418335426,2076.6
0.99,0.003,0.994,0.01,1770418335684,2076.6
0.99,0.003,0.997,0.01,1770418335685,2076.6
0.99,0.005,0.997,0.01,1770418335806,2076.6
0.99,0.005,0.995,0.01,1770418335898,2076.6
0.98,0.005,0.995,0.01,1770418336045,2076.6
0.98,0.005,0.995,0.02,1770418336071,2076.6
0.99,0.005,0.995,0.02,1770418336129,2076.6
0.99,0.005,0.995,0.01,1770418336161,2076.6
0.98,0.005,0.995,0.01,1770418341046,2076.9
0.99,0.005,0.995,0.02,1770418341092,2076.9
0.99,0.005,0.995,0.01,1770418341113,2076.9
0.99,0.003,0.995,0.01,1770418342454,2076.92
0.99,0.003,0.997,0.01,1770418342459,2076.92
0.99,0.006,0.997,0.01,1770418342533,2076.92
0.99,0.003,0.994,0.01,1770418342569,2076.92
0.99,0.005,0.997,0.01,1770418343458,2076.75
0.99,0.003,0.995,0.01,1770418343597,2076.75
0.99,0.003,0.997,0.01,1770418343614,2076.75
0.99,0.006,0.997,0.01,1770418343659,2076.75
0.99,0.006,0.994,0.01,1770418343660,2076.75
0.991,0.006,0.994,0.01,1770418344532,2076.17
0.991,0.006,0.994,0.009,1770418344740,2076.17
0.991,0.003,0.994,0.009,1770418344983,2076.17
0.991,0.006,0.997,0.009,1770418345055,2076.17
0.991,0.003,0.994,0.009,1770418345121,2076.17
0.991,0.003,0.997,0.009,1770418345122,2076.17
0.991,0.005,0.997,0.009,1770418345217,2076.17
0.991,0.005,0.995,0.009,1770418346025,2076.59
0.99,0.005,0.995,0.009,1770418352611,2077.03
0.99,0.005,0.995,0.01,1770418352612,2077.03
0.98,0.005,0.995,0.01,1770418356025,2077.03
0.98,0.005,0.995,0.02,1770418356038,2077.03
0.99,0.005,0.995,0.02,1770418356117,2077.03
0.99,0.005,0.995,0.01,1770418356122,2077.03
0.99,0.003,0.995,0.01,1770418356146,2077.03
0.99,0.004,0.997,0.01,1770418356186,2077.03
0.99,0.004,0.996,0.01,1770418356289,2077.18
0.99,0.003,0.996,0.01,1770418358930,2077.43
0.99,0.003,0.997,0.01,1770418358937,2077.43
0.99,0.005,0.997,0.01,1770418359020,2077.43
0.99,0.005,0.995,0.01,1770418360196,2076.93
0.98,0.005,0.995,0.01,1770418361049,2076.93
0.98,0.005,0.995,0.02,1770418361050,2076.93
0.99,0.005,0.995,0.02,1770418361147,2076.93
0.99,0.005,0.995,0.01,1770418361176,2076.93
0.99,0.003,0.995,0.01,1770418363511,2077.0
0.99,0.003,0.997,0.01,1770418363512,2077.0
0.99,0.004,0.997,0.01,1770418363863,2077.0
0.99,0.004,0.996,0.01,1770418364166,2077.0
0.99,0.003,0.996,0.01,1770418364291,2077.23
0.99,0.003,0.997,0.01,1770418364338,2077.23
0.99,0.005,0.997,0.01,1770418364634,2077.23
0.99,0.005,0.995,0.01,1770418364685,2077.23
0.99,0.003,0.995,0.01,1770418365931,2077.0
0.99,0.003,0.997,0.01,1770418366033,2077.0
0.99,0.004,0.997,0.01,1770418366140,2077.0
0.99,0.004,0.996,0.01,1770418366174,2077.0
0.99,0.003,0.996,0.01,1770418366210,2077.0
0.99,0.005,0.997,0.01,1770418366291,2077.01
0.99,0.003,0.995,0.01,1770418367073,2077.01
0.99,0.003,0.997,0.01,1770418367090,2077.01
0.99,0.004,0.997,0.01,1770418367101,2077.01
0.99,0.004,0.996,0.01,1770418371041,2077.17
0.991,0.004,0.996,0.01,1770418372774,2077.17
0.991,0.004,0.996,0.009,1770418372868,2077.17
0.995,0.004,0.996,0.009,1770418387252,2076.85
0.995,0.004,0.996,0.005,1770418387324,2076.85
0.995,0.003,0.996,0.005,1770418392882,2075.48
0.995,0.003,0.997,0.005,1770418392883,2075.48
0.995,0.002,0.997,0.005,1770418459387,2077.75
0.995,0.002,0.998,0.005,1770418459436,2077.75
0.995,0.001,0.998,0.005,1770418463202,2077.97
0.995,0.001,0.999,0.005,1770418463750,2077.97
0.995,0.001,0.999,0.004,1770418470944,2077.05
0.996,0.001,0.999,0.004,1770418470953,2077.05
0.996,0.002,0.999,0.004,1770418490171,2077.93
0.996,0.002,0.998,0.004,1770418491066,2077.93
0.996,0.003,0.998,0.004,1770418540862,2075.72
0.996,0.003,0.997,0.004,1770418540918,2075.72
0.996,0.002,0.997,0.004,1770418543233,2076.12
0.996,0.002,0.998,0.004,1770418543268,2076.12
0.996,0.001,0.998,0.004,1770418552183,2076.39
0.996,0.001,0.999,0.004,1770418552219,2076.4
0.996,0.002,0.999,0.004,1770418552221,2076.4
0.996,0.002,0.998,0.004,1770418552250,2076.4
0.996,0.001,0.998,0.004,1770418555550,2076.33
0.996,0.002,0.999,0.004,1770418555678,2076.33
0.996,0.002,0.998,0.004,1770418555698,2076.33
0.996,0.001,0.998,0.004,1770418575347,2075.67
0.996,0.002,0.999,0.004,1770418575525,2075.67
0.996,0.002,0.998,0.004,1770418575526,2075.67
0.996,0.001,0.998,0.004,1770418575614,2075.67
0.996,0.001,0.999,0.004,1770418575615,2075.67
0.996,0.002,0.999,0.004,1770418576273,2075.95
0.996,0.002,0.998,0.004,1770418576362,2075.95
0.996,0.001,0.998,0.004,1770418576394,2075.95
0.996,0.002,0.999,0.004,1770418576527,2075.95
0.996,0.002,0.998,0.004,1770418577599,2075.91
0.995,0.002,0.998,0.004,1770418636140,2075.26
0.995,0.002,0.998,0.005,1770418636147,2075.26
0.995,0.002,0.998,0.004,1770418636419,2075.47
0.996,0.002,0.998,0.004,1770418636420,2075.47
0.996,0.003,0.998,0.004,1770418666502,2075.8
0.996,0.003,0.997,0.004,1770418666564,2075.8
0.996,0.002,0.997,0.004,1770418672288,2076.17
0.996,0.002,0.998,0.004,1770418673319,2076.13
0.996,0.001,0.998,0.004,1770418685450,2075.09
0.996,0.001,0.999,0.004,1770418686096,2075.09
0.996,0.0,0.999,0.004,1770418701444,2073.26
0.996,0.0,1.0,0.004,1770418701460,2073.26
0.999,0.0,1.0,0.004,1770418742859,2073.15
0.999,0.0,1.0,0.001,1770418742879,2073.15
0.51,0.48,0.52,0.49,1770418825175,2076.05
0.5,0.48,0.52,0.49,1770418830816,2075.88
0.5,0.48,0.51,0.5,1770418830844,2075.88
0.5,0.49,0.51,0.5,1770418830861,2075.88
0.48,0.49,0.51,0.5,1770418837768,2075.26
0.48,0.49,0.51,0.52,1770418837781,2075.26
0.48,0.5,0.51,0.52,1770418837782,2075.26
0.48,0.5,0.5,0.52,1770418837783,2075.26
0.48,0.51,0.5,0.52,1770418837814,2075.26
0.48,0.51,0.49,0.52,1770418837815,2075.26
0.48,0.51,0.5,0.52,1770418845600,2074.77
0.48,0.5,0.5,0.52,1770418845624,2074.77
0.48,0.51,0.5,0.52,1770418846368,2074.77
0.48,0.51,0.49,0.52,1770418846370,2074.77
0.48,0.5,0.49,0.52,1770418846398,2074.77
0.48,0.5,0.5,0.52,1770418846399,2074.77
0.48,0.51,0.5,0.52,1770418847024,2074.77
0.48,0.51,0.49,0.52,1770418847025,2074.77
0.48,0.5,0.49,0.52,1770418850327,2074.77
0.48,0.5,0.5,0.52,1770418850350,2074.77
0.48,0.51,0.5,0.52,1770418851826,2074.76
0.48,0.51,0.49,0.52,1770418851846,2074.76
0.48,0.5,0.49,0.52,1770418852357,2074.76
0.48,0.5,0.5,0.52,1770418852380,2074.76
0.48,0.51,0.5,0.52,1770418853269,2074.76
0.48,0.51,0.49,0.52,1770418853270,2074.76
0.47,0.51,0.49,0.52,1770418856916,2074.36
0.47,0.52,0.49,0.53,1770418856940,2074.36
0.47,0.52,0.48,0.53,1770418856941,2074.36
0.47,0.51,0.48,0.53,1770418857551,2074.12
0.47,0.51,0.49,0.53,1770418857552,2074.12
0.47,0.52,0.49,0.53,1770418857569,2074.12
0.47,0.52,0.48,0.53,1770418857571,2074.12
0.46,0.52,0.48,0.53,1770418860418,2073.65
0.46,0.52,0.48,0.54,1770418860441,2073.65
0.46,0.53,0.48,0.54,1770418860446,2073.65
0.46,0.53,0.47,0.54,1770418860457,2073.65
0.46,0.53,0.47,0.55,1770418861291,2073.4
0.45,0.53,0.47,0.55,1770418861292,2073.4
0.45,0.54,0.47,0.55,1770418861319,2073.4
0.45,0.54,0.46,0.55,1770418861320,2073.4
0.44,0.54,0.46,0.55,1770418861907,2073.4
0.44,0.54,0.46,0.56,1770418861917,2073.4
0.45,0.54,0.46,0.56,1770418862564,2073.14
0.45,0.54,0.46,0.55,1770418862590,2073.14
0.45,0.51,0.46,0.55,1770418888743,2073.39
0.47,0.51,0.49,0.55,1770418888748,2073.39
0.47,0.51,0.49,0.53,1770418888751,2073.39
0.48,0.51,0.49,0.53,1770418888788,2073.39
0.48,0.51,0.49,0.52,1770418888789,2073.39
0.48,0.5,0.49,0.52,1770418889083,2073.39
0.48,0.5,0.5,0.52,1770418889088,2073.39
0.48,0.51,0.5,0.52,1770418889142,2073.39
0.48,0.51,0.49,0.52,1770418889150,2073.39
0.47,0.51,0.49,0.52,1770418889732,2074.71
0.47,0.51,0.49,0.53,1770418889758,2074.71
0.48,0.51,0.49,0.53,1770418890727,2074.71
0.48,0.51,0.49,0.52,1770418890728,2074.71
0.47,0.51,0.49,0.52,1770418890741,2074.71
0.47,0.51,0.49,0.53,1770418890745,2074.71
0.48,0.51,0.49,0.53,1770418890801,2074.71
0.48,0.51,0.49,0.52,1770418890845,2074.71
0.47,0.51,0.49,0.52,1770418905535,2074.24
0.47,0.51,0.49,0.53,1770418905536,2074.24
0.47,0.52,0.49,0.53,1770418905567,2074.24
0.47,0.52,0.48,0.53,1770418905568,2074.24
0.45,0.52,0.48,0.53,1770418911437,2073.52
0.45,0.52,0.48,0.55,1770418911459,2073.52
0.45,0.53,0.48,0.55,1770418911465,2073.52
0.45,0.53,0.47,0.55,1770418911466,2073.52
0.46,0.53,0.47,0.55,1770418912227,2073.52
0.46,0.53,0.47,0.54,1770418912234,2073.52
0.47,0.53,0.48,0.54,1770418928275,2073.99
0.47,0.52,0.48,0.53,1770418928277,2073.99
0.47,0.51,0.48,0.53,1770418928595,2073.99
0.47,0.51,0.49,0.53,1770418928596,2073.99
0.48,0.51,0.49,0.53,1770418928674,2073.99
0.48,0.51,0.49,0.52,1770418928682,2073.99
0.48,0.5,0.49,0.52,1770418932520,2074.22
0.48,0.5,0.5,0.52,1770418932522,2074.22
0.49,0.5,0.5,0.52,1770418932550,2074.22
0.49,0.5,0.5,0.51,1770418932551,2074.22
0.48,0.5,0.5,0.51,1770418939536,2074.86
0.48,0.5,0.5,0.52,1770418939537,2074.86
0.48,0.51,0.5,0.52,1770418939567,2074.86
0.48,0.51,0.49,0.52,1770418939568,2074.86
0.47,0.51,0.49,0.52,1770418942140,2074.41
0.47,0.51,0.49,0.53,1770418942141,2074.41
0.47,0.52,0.49,0.53,1770418943838,2074.28
0.47,0.52,0.48,0.53,1770418943839,2074.28
0.45,0.52,0.48,0.53,1770418948155,2073.51
0.45,0.52,0.48,0.55,1770418948156,2073.51
0.45,0.53,0.48,0.55,1770418948179,2073.51
0.45,0.53,0.47,0.55,1770418948180,2073.51
0.45,0.54,0.47,0.55,1770418948216,2073.51
0.45,0.54,0.46,0.55,1770418948235,2073.26
0.44,0.54,0.46,0.55,1770418948671,2073.26
0.44,0.54,0.46,0.56,1770418948673,2073.26
0.44,0.55,0.46,0.56,1770418951448,2073.26
0.44,0.55,0.45,0.56,1770418951449,2073.26
0.44,0.54,0.45,0.56,1770418952238,2073.16
0.44,0.54,0.46,0.56,1770418952239,2073.16
0.44,0.54,0.46,0.55,1770418952258,2073.16
0.45,0.54,0.46,0.55,1770418952259,2073.16
0.45,0.53,0.46,0.55,1770418952643,2073.16
0.45,0.53,0.47,0.55,1770418952644,2073.16
0.46,0.53,0.47,0.55,1770418952670,2073.16
0.46,0.53,0.47,0.54,1770418952671,2073.16
0.45,0.53,0.47,0.54,1770418953724,2073.51
0.45,0.53,0.47,0.55,1770418953748,2073.51
0.46,0.53,0.47,0.55,1770418953802,2073.51
0.46,0.53,0.47,0.54,1770418953803,2073.51
0.46,0.52,0.47,0.54,1770418958199,2073.81
0.46,0.52,0.48,0.54,1770418958200,2073.81
0.47,0.52,0.48,0.54,1770418958222,2073.81
0.47,0.52,0.48,0.53,1770418958223,2073.81
0.47,0.51,0.48,0.53,1770418958782,2073.81
0.47,0.51,0.49,0.53,1770418958783,2073.81
0.48,0.51,0.49,0.53,1770418958810,2073.81
0.48,0.51,0.49,0.52,1770418958811,2073.81
0.48,0.5,0.49,0.52,1770418958939,2073.81
0.48,0.5,0.5,0.52,1770418958940,2073.81
0.49,0.5,0.5,0.52,1770418959051,2073.81
0.49,0.5,0.5,0.51,1770418959052,2073.81
0.48,0.5,0.5,0.51,1770418963132,2074.7
0.48,0.5,0.5,0.52,1770418963133,2074.7
0.47,0.5,0.5,0.52,1770418963140,2074.7
0.47,0.5,0.5,0.53,1770418963142,2074.7
0.47,0.51,0.5,0.53,1770418963186,2074.7
0.47,0.51,0.49,0.53,1770418963195,2074.7
0.48,0.51,0.49,0.53,1770418967613,2074.24
0.48,0.51,0.49,0.52,1770418967642,2074.24
0.47,0.51,0.49,0.52,1770418968212,2074.24
0.47,0.51,0.49,0.53,1770418968236,2074.24
0.48,0.51,0.49,0.53,1770418969424,2074.23
0.48,0.51,0.49,0.52,1770418969427,2074.23
0.48,0.5,0.49,0.52,1770418969825,2074.23
0.48,0.5,0.5,0.52,1770418969831,2074.23
0.49,0.5,0.5,0.52,1770418969880,2074.23
0.49,0.5,0.5,0.51,1770418969895,2074.23
0.5,0.5,0.52,0.51,1770418974818,2074.96
0.5,0.48,0.52,0.5,1770418974820,2074.96
0.51,0.48,0.52,0.5,1770418974857,2074.96
0.51,0.48,0.52,0.49,1770418974858,2074.96
0.52,0.48,0.53,0.49,1770418975126,2074.96
0.52,0.47,0.53,0.48,1770418975151,2074.96
0.52,0.46,0.53,0.48,1770418975889,2076.09
0.52,0.46,0.54,0.48,1770418975890,2076.09
0.53,0.46,0.54,0.48,1770418975917,2076.09
0.53,0.46,0.54,0.47,1770418975918,2076.09
0.53,0.46,0.56,0.47,1770418976700,2076.69
0.53,0.44,0.56,0.47,1770418976701,2076.69
0.53,0.45,0.56,0.47,1770418976702,2076.69
0.53,0.45,0.55,0.47,1770418976717,2076.69
0.54,0.45,0.55,0.47,1770418976719,2076.69
0.54,0.45,0.55,0.46,1770418976720,2076.69
0.54,0.44,0.55,0.46,1770418977161,2076.69
0.54,0.44,0.56,0.46,1770418977162,2076.69
0.55,0.44,0.56,0.46,1770418977189,2076.69
0.55,0.44,0.56,0.45,1770418977190,2076.69
0.55,0.43,0.56,0.45,1770418977311,2077.53
0.55,0.43,0.57,0.45,1770418977313,2077.53
0.56,0.43,0.57,0.45,1770418977338,2077.53
0.56,0.43,0.57,0.44,1770418977343,2077.53
0.56,0.42,0.57,0.44,1770418977705,2077.53
0.56,0.42,0.58,0.44,1770418977718,2077.53
0.57,0.42,0.58,0.44,1770418977732,2077.53
0.57,0.42,0.58,0.43,1770418977733,2077.53
0.57,0.42,0.59,0.43,1770418977963,2077.53
0.57,0.41,0.59,0.43,1770418977964,2077.53
0.58,0.41,0.59,0.43,1770418978023,2077.53
0.58,0.41,0.59,0.42,1770418978043,2077.53
0.58,0.4,0.59,0.42,1770418979324,2078.38
0.58,0.4,0.6,0.42,1770418979326,2078.38
0.59,0.4,0.6,0.42,1770418979393,2078.38
0.59,0.4,0.6,0.41,1770418979401,2078.38
0.58,0.4,0.6,0.41,1770418979650,2078.38
0.58,0.4,0.6,0.42,1770418979659,2078.38
0.58,0.41,0.6,0.42,1770418979669,2078.38
0.58,0.41,0.59,0.42,1770418979675,2078.38
0.57,0.41,0.59,0.42,1770418981611,2078.17
0.57,0.41,0.59,0.43,1770418981620,2078.17
0.57,0.42,0.59,0.43,1770418981626,2078.17
0.57,0.42,0.58,0.43,1770418981631,2078.17
0.58,0.42,0.59,0.43,1770418982237,2078.17
0.58,0.41,0.59,0.42,1770418982238,2078.17
0.58,0.41,0.6,0.42,1770418983096,2078.14
0.58,0.4,0.6,0.42,1770418983097,2078.14
0.59,0.4,0.6,0.42,1770418983122,2078.14
0.59,0.4,0.6,0.41,1770418983123,2078.14
0.58,0.4,0.6,0.41,1770418984656,2078.6
0.58,0.4,0.6,0.42,1770418984660,2078.6
0.58,0.4,0.59,0.42,1770418984694,2078.6
0.58,0.41,0.59,0.42,1770418984696,2078.6
0.57,0.41,0.59,0.42,1770418986003,2078.24
0.57,0.41,0.59,0.43,1770418986004,2078.24
0.57,0.42,0.59,0.43,1770418986028,2078.24
0.57,0.42,0.58,0.43,1770418986029,2078.24
0.57,0.41,0.58,0.43,1770418987468,2077.91
0.57,0.41,0.59,0.43,1770418987469,2077.91
0.58,0.41,0.59,0.43,1770418987493,2077.91
0.58,0.41,0.59,0.42,1770418987494,2077.91
0.58,0.41,0.6,0.42,1770418987513,2077.91
0.58,0.4,0.6,0.42,1770418987514,2077.91
0.59,0.4,0.6,0.42,1770418987564,2077.91
0.59,0.4,0.6,0.41,1770418987579,2077.91
0.58,0.4,0.6,0.41,1770418987843,2077.91
0.58,0.4,0.6,0.42,1770418987851,2077.91
0.59,0.4,0.6,0.42,1770418987861,2077.91
0.59,0.4,0.6,0.41,1770418987862,2077.91
0.58,0.4,0.6,0.41,1770418988248,2078.35
0.58,0.4,0.59,0.42,1770418988277,2078.35
0.58,0.41,0.59,0.42,1770418988287,2078.35
0.58,0.41,0.6,0.42,1770418989084,2078.35
0.58,0.4,0.6,0.42,1770418989090,2078.35
0.59,0.4,0.6,0.42,1770418989103,2078.35
0.59,0.4,0.6,0.41,1770418989108,2078.35
0.58,0.4,0.6,0.41,1770418990040,2078.63
0.58,0.4,0.6,0.42,1770418990045,2078.63
0.58,0.41,0.6,0.42,1770418990067,2078.63
0.58,0.41,0.59,0.42,1770418990074,2078.63
0.56,0.41,0.59,0.42,1770418991046,2078.39
0.56,0.41,0.59,0.44,1770418991047,2078.39
0.57,0.41,0.59,0.44,1770418991053,2078.39
0.57,0.41,0.59,0.43,1770418991055,2078.39
0.57,0.41,0.58,0.43,1770418991061,2078.39
0.57,0.42,0.58,0.43,1770418991062,2078.39
0.57,0.41,0.58,0.43,1770418991885,2077.91
0.57,0.41,0.59,0.43,1770418991886,2077.91
0.58,0.41,0.59,0.43,1770418991910,2077.91
0.58,0.41,0.59,0.42,1770418991916,2077.91
0.58,0.37,0.59,0.42,1770418992232,2077.91
0.58,0.37,0.63,0.42,1770418992236,2077.91
0.58,0.39,0.63,0.42,1770418992240,2077.91
0.58,0.39,0.61,0.42,1770418992241,2077.91
0.6,0.39,0.61,0.42,1770418992253,2079.74
0.6,0.39,0.61,0.4,1770418992254,2079.74
0.6,0.38,0.61,0.4,1770418992460,2079.74
0.6,0.38,0.62,0.4,1770418992461,2079.74
0.61,0.38,0.62,0.4,1770418992521,2079.74
0.61,0.38,0.62,0.39,1770418992525,2079.74
0.61,0.38,0.63,0.39,1770418994265,2079.72
0.61,0.37,0.63,0.39,1770418994266,2079.72
0.62,0.37,0.63,0.39,1770418994275,2079.72
0.62,0.37,0.63,0.38,1770418994276,2079.72
0.62,0.36,0.63,0.38,1770418995328,2080.24
0.62,0.36,0.64,0.38,1770418995347,2080.24
0.63,0.36,0.64,0.38,1770418996221,2080.24
0.63,0.36,0.64,0.37,1770418996235,2080.23
0.62,0.36,0.64,0.37,1770418996350,2080.23
0.62,0.36,0.64,0.38,1770418996351,2080.23
0.62,0.36,0.63,0.38,1770418996377,2080.23
0.62,0.37,0.63,0.38,1770418996381,2080.23
0.62,0.37,0.64,0.38,1770418996905,2080.23
0.62,0.36,0.64,0.38,1770418996920,2080.23
0.63,0.36,0.64,0.38,1770418996950,2080.23
0.63,0.36,0.64,0.37,1770418996951,2080.23
0.62,0.36,0.64,0.37,1770418996956,2080.23
0.62,0.35,0.64,0.38,1770418996957,2080.23
0.63,0.35,0.65,0.38,1770418996971,2080.23
0.63,0.35,0.65,0.37,1770418996972,2080.23
0.64,0.35,0.65,0.37,1770418996973,2080.23
0.64,0.35,0.65,0.36,1770418996989,2080.23
0.63,0.35,0.65,0.36,1770418997338,2080.88
0.63,0.35,0.65,0.37,1770418997339,2080.88
0.63,0.36,0.65,0.37,1770418997365,2080.88
0.63,0.36,0.64,0.37,1770418997366,2080.88
0.63,0.35,0.64,0.37,1770418997374,2080.88
0.63,0.35,0.65,0.37,1770418997376,2080.88
0.63,0.36,0.65,0.37,1770418997387,2080.88
0.63,0.36,0.64,0.37,1770418997389,2080.88
0.63,0.35,0.64,0.37,1770418998714,2080.4
0.63,0.35,0.65,0.37,1770418998722,2080.4
0.64,0.35,0.65,0.37,1770418998753,2080.4
0.64,0.35,0.65,0.36,1770418998754,2080.4
0.64,0.34,0.65,0.36,1770418999132,2080.4
0.64,0.34,0.66,0.36,1770418999133,2080.4
0.65,0.34,0.66,0.36,1770418999134,2080.4
0.65,0.34,0.66,0.35,1770418999135,2080.4
0.65,0.34,0.67,0.35,1770419001914,2081.06
0.65,0.33,0.67,0.35,1770419001916,2081.06
0.66,0.33,0.67,0.35,1770419001939,2081.06
0.66,0.33,0.67,0.34,1770419001940,2081.06
0.66,0.32,0.67,0.34,1770419004837,2081.43
0.66,0.32,0.68,0.34,1770419004841,2081.43
0.67,0.32,0.68,0.34,1770419004871,2081.43
0.67,0.32,0.68,0.33,1770419004872,2081.43
0.66,0.32,0.68,0.33,1770419005342,2081.93
0.66,0.32,0.68,0.34,1770419005359,2081.93
0.66,0.33,0.68,0.34,1770419005370,2081.93
0.66,0.33,0.67,0.34,1770419005371,2081.93
0.66,0.33,0.68,0.34,1770419010831,2081.43
0.66,0.32,0.68,0.34,1770419010832,2081.43
0.67,0.32,0.68,0.34,1770419010838,2081.43
0.67,0.32,0.68,0.33,1770419010839,2081.43
0.68,0.32,0.7,0.33,1770419011259,2083.07
0.68,0.3,0.7,0.32,1770419011260,2083.07
0.69,0.3,0.7,0.32,1770419011303,2083.07
0.69,0.3,0.7,0.31,1770419011306,2083.07
0.69,0.31,0.7,0.32,1770419011881,2083.07
0.68,0.31,0.69,0.32,1770419011882,2083.07
0.68,0.31,0.7,0.32,1770419014783,2082.58
0.68,0.3,0.7,0.32,1770419014787,2082.58
0.69,0.3,0.7,0.32,1770419014809,2082.58
0.69,0.3,0.7,0.31,1770419014810,2082.58
0.69,0.3,0.71,0.31,1770419015411,2083.35
0.69,0.29,0.71,0.31,1770419015412,2083.35
0.69,0.3,0.71,0.31,1770419015488,2083.35
0.69,0.3,0.7,0.31,1770419015489,2083.35
0.69,0.29,0.7,0.31,1770419017428,2083.33
0.69,0.29,0.71,0.31,1770419017449,2083.33
0.7,0.29,0.71,0.31,1770419017461,2083.33
0.7,0.29,0.71,0.3,1770419017476,2083.33
0.69,0.29,0.71,0.3,1770419017710,2083.33
0.69,0.29,0.71,0.31,1770419017723,2083.33
0.7,0.29,0.71,0.31,1770419017754,2083.33
0.7,0.29,0.71,0.3,1770419017755,2083.33
0.69,0.29,0.71,0.3,1770419018104,2083.33
0.69,0.29,0.71,0.31,1770419018105,2083.33
0.7,0.29,0.71,0.31,1770419018229,2083.33
0.7,0.29,0.71,0.3,1770419018230,2083.33
0.7,0.3,0.71,0.31,1770419018267,2083.33
0.69,0.3,0.7,0.31,1770419018268,2083.33
0.69,0.29,0.7,0.31,1770419018327,2083.33
0.69,0.29,0.71,0.31,1770419018363,2083.33
0.69,0.3,0.71,0.31,1770419018766,2083.33
0.69,0.3,0.7,0.31,1770419018767,2083.33
0.68,0.3,0.7,0.31,1770419018847,2083.33
0.68,0.3,0.7,0.32,1770419018848,2083.33
0.68,0.31,0.7,0.32,1770419019057,2083.33
0.68,0.31,0.69,0.32,1770419019058,2083.33
0.67,0.31,0.69,0.32,1770419019463,2082.64
0.67,0.31,0.69,0.33,1770419019464,2082.64
0.67,0.32,0.69,0.33,1770419019541,2082.64
0.67,0.32,0.68,0.33,1770419019542,2082.64
0.67,0.31,0.68,0.33,1770419019594,2082.64
0.67,0.31,0.69,0.33,1770419019602,2082.64
0.67,0.32,0.69,0.33,1770419019866,2082.64
0.67,0.32,0.68,0.33,1770419019888,2082.64
0.67,0.31,0.68,0.33,1770419019894,2082.64
0.67,0.31,0.69,0.33,1770419019896,2082.64
0.67,0.32,0.69,0.33,1770419020425,2082.45
0.67,0.32,0.68,0.33,1770419020434,2082.45
0.66,0.32,0.68,0.33,1770419020479,2082.45
0.66,0.32,0.68,0.34,1770419020481,2082.45
0.66,0.33,0.68,0.34,1770419020528,2082.45
0.66,0.33,0.67,0.34,1770419020546,2082.45
0.66,0.32,0.67,0.34,1770419020570,2082.45
0.66,0.32,0.68,0.34,1770419020577,2082.45
0.66,0.33,0.68,0.34,1770419020687,2082.45
0.66,0.33,0.67,0.34,1770419020689,2082.45
0.66,0.33,0.69,0.34,1770419021470,2081.88
0.66,0.31,0.69,0.34,1770419021475,2081.88
0.67,0.31,0.69,0.34,1770419021483,2081.88
0.67,0.31,0.69,0.33,1770419021484,2081.88
0.68,0.31,0.69,0.33,1770419021598,2081.88
0.68,0.31,0.69,0.32,1770419021634,2081.88
0.67,0.31,0.69,0.32,1770419021701,2081.88
0.67,0.31,0.69,0.33,1770419021702,2081.88
0.68,0.31,0.69,0.33,1770419021735,2081.88
0.68,0.31,0.69,0.32,1770419021753,2081.88
0.67,0.31,0.69,0.32,1770419022155,2081.88
0.67,0.31,0.69,0.33,1770419022156,2081.88
0.67,0.32,0.69,0.33,1770419022200,2081.88
0.67,0.32,0.68,0.33,1770419022203,2081.88
0.66,0.32,0.68,0.33,1770419022935,2082.44
0.66,0.32,0.68,0.34,1770419022937,2082.44
0.66,0.33,0.68,0.34,1770419022991,2082.44
0.66,0.33,0.67,0.34,1770419023055,2082.44
0.66,0.32,0.67,0.34,1770419023087,2082.44
0.66,0.32,0.68,0.34,1770419023096,2082.44
0.67,0.32,0.68,0.34,1770419024118,2082.01
0.67,0.32,0.68,0.33,1770419024119,2082.01
0.67,0.31,0.68,0.33,1770419024177,2082.01
0.67,0.31,0.69,0.33,1770419024178,2082.01
0.68,0.31,0.69,0.33,1770419024179,2082.01
0.68,0.31,0.69,0.32,1770419024180,2082.01
0.68,0.3,0.69,0.32,1770419024183,2082.01
0.68,0.3,0.7,0.32,1770419024184,2082.01
0.69,0.3,0.7,0.32,1770419024206,2082.01
0.69,0.3,0.7,0.31,1770419024212,2082.01
0.69,0.29,0.7,0.31,1770419024232,2082.01
0.69,0.29,0.71,0.31,1770419024241,2082.01
0.7,0.29,0.71,0.31,1770419024274,2082.01
0.7,0.29,0.71,0.3,1770419024275,2082.01
0.7,0.28,0.71,0.3,1770419024293,2082.01
0.7,0.28,0.72,0.3,1770419024294,2082.01
0.71,0.28,0.72,0.3,1770419024330,2082.01
0.71,0.28,0.72,0.29,1770419024331,2082.01
0.71,0.27,0.72,0.29,1770419024501,2082.01
0.71,0.27,0.73,0.29,1770419024510,2082.01
0.72,0.27,0.73,0.29,1770419024532,2082.01
0.72,0.27,0.73,0.28,1770419024535,2082.01
0.72,0.26,0.73,0.28,1770419024698,2082.01
0.72,0.26,0.74,0.28,1770419024699,2082.01
0.73,0.26,0.74,0.28,1770419024753,2082.01
0.73,0.26,0.74,0.27,1770419024754,2082.01
0.73,0.25,0.74,0.27,1770419030847,2084.83
0.73,0.25,0.75,0.27,1770419030849,2084.83
0.74,0.25,0.75,0.27,1770419030885,2084.83
0.74,0.25,0.75,0.26,1770419030886,2084.83
0.73,0.25,0.75,0.26,1770419031362,2085.18
0.73,0.25,0.75,0.27,1770419031379,2085.18
0.73,0.26,0.75,0.27,1770419031780,2085.18
0.73,0.26,0.74,0.27,1770419031781,2085.18
0.73,0.25,0.74,0.27,1770419031805,2085.18
0.73,0.25,0.75,0.27,1770419031806,2085.18
0.73,0.26,0.75,0.27,1770419031821,2085.18
0.73,0.26,0.74,0.27,1770419031828,2085.18
0.71,0.26,0.74,0.27,1770419035085,2085.01
0.71,0.26,0.74,0.29,1770419035092,2085.01
0.71,0.27,0.74,0.29,1770419035119,2085.01
0.71,0.27,0.73,0.29,1770419035126,2085.01
0.72,0.27,0.73,0.29,1770419035133,2085.01
0.72,0.27,0.73,0.28,1770419035144,2085.01
0.71,0.27,0.73,0.28,1770419036388,2084.54
0.71,0.27,0.73,0.29,1770419036393,2084.54
0.71,0.28,0.73,0.29,1770419036423,2084.54
0.71,0.28,0.72,0.29,1770419036426,2084.54
0.7,0.28,0.72,0.29,1770419039195,2084.05
0.7,0.28,0.72,0.3,1770419039217,2084.05
0.7,0.29,0.72,0.3,1770419039234,2083.89
0.7,0.29,0.71,0.3,1770419039241,2083.89
0.7,0.28,0.71,0.3,1770419040775,2083.88
0.7,0.28,0.72,0.3,1770419040790,2083.88
0.71,0.28,0.72,0.3,1770419040830,2083.88
0.71,0.28,0.72,0.29,1770419040856,2083.88
0.71,0.27,0.72,0.29,1770419041695,2083.88
0.71,0.27,0.73,0.29,1770419041699,2083.88
0.71,0.28,0.73,0.29,1770419041702,2083.88
0.71,0.28,0.72,0.29,1770419041711,2083.88
0.71,0.27,0.72,0.29,1770419041746,2083.88
0.71,0.27,0.73,0.29,1770419041747,2083.88
0.71,0.28,0.73,0.29,1770419041801,2083.88
0.71,0.28,0.72,0.29,1770419041804,2083.88
0.7,0.28,0.72,0.29,1770419042834,2083.99
0.7,0.28,0.72,0.3,1770419042836,2083.99
0.7,0.29,0.72,0.3,1770419043225,2083.99
0.7,0.29,0.71,0.3,1770419043248,2083.99
0.69,0.29,0.71,0.3,1770419045297,2083.91
0.69,0.29,0.71,0.31,1770419045298,2083.91
0.68,0.29,0.71,0.31,1770419045306,2083.91
0.68,0.29,0.71,0.32,1770419045311,2083.91
0.68,0.3,0.71,0.32,1770419045333,2083.91
0.68,0.3,0.7,0.32,1770419045342,2083.91
0.68,0.31,0.7,0.32,1770419045391,2083.91
0.68,0.31,0.69,0.32,1770419045405,2083.91
0.68,0.3,0.69,0.32,1770419045834,2083.91
0.68,0.3,0.7,0.32,1770419045841,2083.91
0.68,0.31,0.7,0.32,1770419045917,2083.91
0.68,0.31,0.69,0.32,1770419045918,2083.91
0.68,0.3,0.69,0.32,1770419046023,2083.91
0.68,0.3,0.7,0.32,1770419046034,2083.91
0.68,0.31,0.7,0.32,1770419046068,2083.91
0.68,0.31,0.69,0.32,1770419046070,2083.91
0.68,0.3,0.69,0.32,1770419046203,2083.91
0.68,0.3,0.7,0.32,1770419046221,2083.91
0.69,0.3,0.7,0.32,1770419046317,2083.28
0.69,0.3,0.7,0.31,1770419046327,2083.28
0.68,0.3,0.7,0.31,1770419049309,2083.07
0.68,0.3,0.7,0.32,1770419049334,2083.07
0.68,0.31,0.7,0.32,1770419049512,2083.07
0.68,0.31,0.69,0.32,1770419049532,2083.07
0.67,0.31,0.69,0.32,1770419050899,2083.05
0.67,0.31,0.69,0.33,1770419050922,2083.05
0.68,0.31,0.69,0.33,1770419051310,2082.93
0.68,0.31,0.69,0.32,1770419051315,2082.93
0.67,0.31,0.69,0.32,1770419052125,2082.93
0.67,0.31,0.69,0.33,1770419052147,2082.93
0.67,0.32,0.69,0.33,1770419052310,2082.94
0.67,0.32,0.68,0.33,1770419052311,2082.94
0.67,0.31,0.68,0.33,1770419052642,2082.94
0.67,0.31,0.69,0.33,1770419052643,2082.94
0.67,0.32,0.69,0.33,1770419052724,2082.94
