0.33,0.66,0.34,0.67,1770422434917,2057.46
0.31,0.66,0.34,0.67,1770422435206,2057.46
0.31,0.66,0.34,0.69,1770422435212,2057.46
0.31,0.67,0.34,0.69,1770422435215,2057.46
0.31,0.67,0.33,0.69,1770422435216,2057.46
0.31,0.66,0.33,0.69,1770422435241,2057.46
0.31,0.67,0.34,0.69,1770422435247,2057.46
0.31,0.68,0.33,0.69,1770422435249,2057.46
0.31,0.68,0.32,0.69,1770422435250,2057.46
0.31,0.64,0.32,0.69,1770422435577,2055.39
0.31,0.64,0.36,0.69,1770422435578,2055.39
0.31,0.62,0.36,0.69,1770422435580,2055.39
0.31,0.62,0.38,0.69,1770422435581,2055.39
0.34,0.62,0.38,0.69,1770422435594,2055.39
0.34,0.64,0.38,0.66,1770422435595,2055.39
0.34,0.64,0.36,0.66,1770422435602,2055.39
0.34,0.65,0.36,0.66,1770422435671,2055.39
0.34,0.65,0.35,0.66,1770422435673,2055.39
0.34,0.64,0.35,0.66,1770422435694,2055.39
0.34,0.64,0.36,0.66,1770422435697,2055.39
0.34,0.63,0.36,0.66,1770422435729,2055.39
0.33,0.63,0.37,0.66,1770422435733,2055.39
0.34,0.63,0.37,0.67,1770422435754,2055.39
0.34,0.63,0.37,0.66,1770422435755,2055.39
0.35,0.63,0.37,0.66,1770422435761,2055.39
0.35,0.63,0.37,0.65,1770422435764,2055.39
0.34,0.63,0.37,0.65,1770422435796,2055.39
0.34,0.63,0.37,0.66,1770422435827,2055.39
0.35,0.63,0.37,0.66,1770422435856,2055.39
0.35,0.63,0.37,0.65,1770422435857,2055.39
0.34,0.63,0.37,0.65,1770422435944,2055.39
0.34,0.63,0.37,0.66,1770422435945,2055.39
0.34,0.64,0.37,0.66,1770422435947,2055.39
0.34,0.64,0.36,0.66,1770422435948,2055.39
0.35,0.64,0.36,0.66,1770422435958,2055.39
0.35,0.63,0.36,0.65,1770422435960,2055.39
0.35,0.63,0.37,0.65,1770422435964,2055.39
0.35,0.62,0.37,0.65,1770422436054,2055.39
0.35,0.62,0.38,0.65,1770422436056,2055.39
0.36,0.62,0.38,0.65,1770422436100,2055.39
0.36,0.62,0.38,0.64,1770422436105,2055.39
0.36,0.63,0.38,0.64,1770422436121,2055.39
0.36,0.63,0.37,0.64,1770422436123,2055.39
0.36,0.62,0.37,0.64,1770422437732,2057.74
0.36,0.62,0.38,0.64,1770422437733,2057.74
0.37,0.62,0.38,0.64,1770422437760,2057.74
0.37,0.62,0.38,0.63,1770422437761,2057.74
0.37,0.61,0.38,0.63,1770422438116,2057.74
0.37,0.61,0.39,0.63,1770422438132,2057.74
0.38,0.61,0.39,0.63,1770422438154,2057.74
0.38,0.61,0.39,0.62,1770422438181,2057.74
0.37,0.61,0.39,0.62,1770422439012,2058.39
0.37,0.61,0.39,0.63,1770422439016,2058.39
0.37,0.62,0.39,0.63,1770422439053,2058.39
0.37,0.62,0.38,0.63,1770422439054,2058.39
0.36,0.62,0.38,0.63,1770422439785,2057.76
0.36,0.62,0.38,0.64,1770422439786,2057.76
0.36,0.63,0.38,0.64,1770422439804,2057.76
0.36,0.63,0.37,0.64,1770422439805,2057.76
0.35,0.63,0.37,0.64,1770422440218,2057.76
0.35,0.63,0.37,0.65,1770422440223,2057.76
0.35,0.64,0.37,0.65,1770422440237,2056.96
0.35,0.64,0.36,0.65,1770422440239,2056.96
0.34,0.64,0.36,0.65,1770422440318,2056.96
0.34,0.64,0.36,0.66,1770422440319,2056.96
0.34,0.65,0.36,0.66,1770422440329,2056.96
0.34,0.65,0.35,0.66,1770422440330,2056.96
0.34,0.64,0.35,0.66,1770422440629,2056.96
0.34,0.64,0.36,0.66,1770422440630,2056.96
0.35,0.64,0.36,0.66,1770422440673,2056.96
0.35,0.64,0.36,0.65,1770422440678,2056.96
0.35,0.63,0.36,0.65,1770422440718,2056.96
0.35,0.63,0.37,0.65,1770422440720,2056.96
0.35,0.64,0.37,0.65,1770422440724,2056.96
0.35,0.64,0.36,0.65,1770422440728,2056.96
0.33,0.64,0.36,0.65,1770422440800,2056.96
0.33,0.64,0.36,0.67,1770422440801,2056.96
0.33,0.65,0.35,0.67,1770422440802,2056.96
0.33,0.66,0.35,0.67,1770422440864,2056.96
0.33,0.66,0.34,0.67,1770422440868,2056.96
0.32,0.66,0.34,0.67,1770422440961,2056.96
0.32,0.66,0.34,0.68,1770422440964,2056.96
0.32,0.67,0.34,0.68,1770422441011,2056.96
0.32,0.67,0.33,0.68,1770422441017,2056.96
0.32,0.66,0.33,0.68,1770422441036,2056.96
0.32,0.66,0.34,0.68,1770422441037,2056.96
0.32,0.67,0.34,0.68,1770422441105,2056.96
0.32,0.67,0.33,0.68,1770422441106,2056.96
0.32,0.66,0.33,0.68,1770422441200,2056.96
0.32,0.66,0.34,0.68,1770422441210,2056.96
0.33,0.66,0.34,0.68,1770422441238,2055.42
0.33,0.66,0.34,0.67,1770422441239,2055.42
0.32,0.66,0.34,0.67,1770422441278,2055.42
0.32,0.66,0.34,0.68,1770422441279,2055.42
0.32,0.67,0.34,0.68,1770422441322,2055.42
0.32,0.67,0.33,0.68,1770422441332,2055.42
0.31,0.67,0.33,0.68,1770422441362,2055.42
0.31,0.67,0.33,0.69,1770422441363,2055.42
0.32,0.67,0.33,0.69,1770422441497,2055.42
0.32,0.67,0.33,0.68,1770422441503,2055.42
0.32,0.66,0.33,0.68,1770422441623,2055.42
0.32,0.66,0.34,0.68,1770422441629,2055.42
0.33,0.66,0.34,0.68,1770422441676,2055.42
0.33,0.66,0.34,0.67,1770422441679,2055.42
0.33,0.65,0.34,0.67,1770422441889,2055.42
0.33,0.65,0.35,0.67,1770422441912,2055.42
0.34,0.65,0.35,0.67,1770422442542,2056.13
0.34,0.65,0.35,0.66,1770422442554,2056.13
0.33,0.65,0.35,0.66,1770422443213,2056.13
0.33,0.65,0.35,0.67,1770422443214,2056.13
0.34,0.65,0.35,0.67,1770422443216,2056.13
0.34,0.65,0.35,0.66,1770422443228,2056.13
0.33,0.65,0.35,0.66,1770422443324,2056.29
0.33,0.66,0.35,0.67,1770422443326,2056.29
0.33,0.66,0.34,0.67,1770422443329,2056.29
0.31,0.66,0.34,0.67,1770422443331,2056.29
0.31,0.66,0.34,0.69,1770422443332,2056.29
0.32,0.66,0.34,0.69,1770422443346,2056.29
0.32,0.66,0.34,0.68,1770422443348,2056.29
0.32,0.67,0.34,0.68,1770422443381,2056.29
0.32,0.67,0.33,0.68,1770422443394,2056.29
0.32,0.66,0.33,0.68,1770422443753,2056.29
0.32,0.66,0.34,0.68,1770422443765,2056.29
0.32,0.67,0.34,0.68,1770422444159,2056.29
0.32,0.67,0.33,0.68,1770422444161,2056.29
0.31,0.67,0.33,0.68,1770422444539,2055.5
0.31,0.67,0.33,0.69,1770422444540,2055.5
0.32,0.67,0.33,0.69,1770422444812,2055.5
0.31,0.67,0.33,0.68,1770422444818,2055.5
0.31,0.67,0.33,0.69,1770422444826,2055.5
0.32,0.67,0.33,0.69,1770422444934,2055.5
0.32,0.67,0.33,0.68,1770422444949,2055.5
0.31,0.67,0.33,0.68,1770422445019,2055.5
0.31,0.67,0.33,0.69,1770422445031,2055.5
0.32,0.67,0.33,0.69,1770422445049,2055.5
0.32,0.67,0.33,0.68,1770422445063,2055.5
0.32,0.66,0.33,0.68,1770422445905,2055.21
0.32,0.66,0.34,0.68,1770422445911,2055.21
0.33,0.66,0.34,0.68,1770422445940,2055.21
0.33,0.66,0.34,0.67,1770422445947,2055.21
0.33,0.65,0.34,0.67,1770422446543,2055.68
0.33,0.65,0.35,0.67,1770422446551,2055.68
0.33,0.66,0.35,0.67,1770422446562,2055.68
0.33,0.66,0.34,0.67,1770422446564,2055.68
0.33,0.65,0.34,0.67,1770422446587,2055.68
0.33,0.65,0.35,0.67,1770422446596,2055.68
0.34,0.65,0.35,0.67,1770422447043,2055.68
0.34,0.65,0.35,0.66,1770422447045,2055.68
0.34,0.64,0.35,0.66,1770422447708,2056.17
0.34,0.64,0.36,0.66,1770422447712,2056.17
0.35,0.64,0.36,0.66,1770422447759,2056.17
0.35,0.64,0.36,0.65,1770422447760,2056.17
0.35,0.63,0.36,0.65,1770422449257,2056.85
0.35,0.63,0.37,0.65,1770422449261,2056.85
0.36,0.63,0.37,0.65,1770422449297,2056.85
0.36,0.63,0.37,0.64,1770422449304,2056.85
0.36,0.62,0.37,0.64,1770422453626,2057.9
0.36,0.62,0.38,0.64,1770422453640,2057.9
0.37,0.62,0.38,0.64,1770422453655,2057.9
0.37,0.62,0.38,0.63,1770422453659,2057.9
0.37,0.6,0.38,0.63,1770422454245,2058.9
0.37,0.6,0.4,0.63,1770422454246,2058.9
0.38,0.6,0.4,0.63,1770422454264,2058.9
0.38,0.6,0.4,0.62,1770422454265,2058.9
0.39,0.6,0.4,0.62,1770422454301,2058.9
0.39,0.6,0.4,0.61,1770422454302,2058.9
0.39,0.59,0.4,0.61,1770422454978,2058.9
0.39,0.59,0.41,0.61,1770422454979,2058.9
0.4,0.59,0.41,0.61,1770422455038,2058.9
0.4,0.59,0.41,0.6,1770422455052,2058.9
0.4,0.58,0.41,0.6,1770422456542,2059.86
0.4,0.58,0.42,0.6,1770422456543,2059.86
0.41,0.58,0.42,0.6,1770422456584,2059.86
0.41,0.58,0.42,0.59,1770422456588,2059.86
0.4,0.58,0.42,0.59,1770422459139,2060.17
0.4,0.58,0.42,0.6,1770422459140,2060.17
0.4,0.58,0.41,0.6,1770422459167,2060.17
0.4,0.59,0.41,0.6,1770422459169,2060.17
0.36,0.59,0.41,0.6,1770422459621,2057.96
0.36,0.59,0.41,0.64,1770422459622,2057.96
0.36,0.59,0.4,0.64,1770422459652,2057.96
0.36,0.62,0.4,0.64,1770422459655,2057.96
0.36,0.62,0.38,0.64,1770422459656,2057.96
0.35,0.62,0.38,0.64,1770422459737,2057.96
0.35,0.62,0.38,0.65,1770422459743,2057.96
0.35,0.63,0.38,0.65,1770422459744,2057.96
0.35,0.63,0.37,0.65,1770422459747,2057.96
0.35,0.64,0.37,0.65,1770422459768,2057.96
0.35,0.64,0.36,0.65,1770422459777,2057.96
0.33,0.64,0.36,0.65,1770422459816,2057.96
0.33,0.64,0.36,0.67,1770422459817,2057.96
0.33,0.65,0.36,0.67,1770422459820,2057.96
0.32,0.65,0.35,0.67,1770422459821,2057.96
0.32,0.65,0.35,0.68,1770422459828,2057.96
0.33,0.65,0.35,0.68,1770422459832,2057.96
0.33,0.65,0.35,0.67,1770422459834,2057.96
0.34,0.65,0.35,0.67,1770422459835,2057.96
0.34,0.65,0.35,0.66,1770422459836,2057.96
0.33,0.65,0.35,0.66,1770422460206,2056.2
0.33,0.65,0.35,0.67,1770422460207,2056.2
0.34,0.65,0.35,0.67,1770422460208,2056.2
0.34,0.65,0.35,0.66,1770422460213,2056.2
0.34,0.63,0.35,0.66,1770422460351,2056.2
0.35,0.63,0.37,0.66,1770422460372,2056.2
0.35,0.63,0.37,0.65,1770422460378,2056.2
0.36,0.63,0.37,0.65,1770422461161,2056.2
0.36,0.63,0.37,0.64,1770422461163,2056.2
0.36,0.62,0.37,0.64,1770422461369,2057.16
0.36,0.62,0.38,0.64,1770422461376,2057.16
0.37,0.62,0.38,0.64,1770422461486,2057.16
0.37,0.62,0.38,0.63,1770422461490,2057.16
0.37,0.61,0.38,0.63,1770422461859,2057.16
0.37,0.61,0.39,0.63,1770422461870,2057.16
0.38,0.61,0.39,0.63,1770422461967,2057.16
0.38,0.61,0.39,0.62,1770422461971,2057.16
0.37,0.61,0.39,0.62,1770422462469,2058.39
0.37,0.61,0.39,0.63,1770422462478,2058.39
0.38,0.61,0.39,0.63,1770422462490,2058.39
0.38,0.61,0.39,0.62,1770422462491,2058.39
0.37,0.61,0.39,0.62,1770422462541,2058.39
0.37,0.61,0.39,0.63,1770422462581,2058.39
0.37,0.62,0.39,0.63,1770422462752,2058.39
0.37,0.62,0.38,0.63,1770422462778,2058.39
0.37,0.61,0.38,0.63,1770422463089,2058.39
0.37,0.61,0.39,0.63,1770422463120,2058.39
0.38,0.61,0.39,0.63,1770422463122,2058.39
0.38,0.61,0.39,0.62,1770422463123,2058.39
0.37,0.61,0.39,0.62,1770422463156,2058.39
0.37,0.61,0.39,0.63,1770422463157,2058.39
0.37,0.62,0.39,0.63,1770422463361,2058.13
0.37,0.62,0.38,0.63,1770422463362,2058.13
0.36,0.62,0.38,0.63,1770422464965,2057.98
0.36,0.63,0.38,0.64,1770422464970,2057.98
0.36,0.63,0.37,0.64,1770422464974,2057.98
0.36,0.62,0.37,0.64,1770422465657,2057.74
0.36,0.63,0.38,0.64,1770422465686,2057.74
0.36,0.63,0.37,0.64,1770422465687,2057.74
0.36,0.62,0.37,0.64,1770422465799,2057.74
0.36,0.62,0.38,0.64,1770422465810,2057.74
0.37,0.62,0.38,0.64,1770422465837,2057.74
0.37,0.62,0.38,0.63,1770422465841,2057.74
0.36,0.62,0.38,0.63,1770422466246,2057.75
0.36,0.62,0.38,0.64,1770422466249,2057.75
0.36,0.63,0.38,0.64,1770422466285,2057.75
0.36,0.63,0.37,0.64,1770422466286,2057.75
0.35,0.63,0.37,0.64,1770422466533,2057.75
0.35,0.63,0.37,0.65,1770422466553,2057.75
0.35,0.64,0.37,0.65,1770422466627,2057.75
0.35,0.64,0.36,0.65,1770422466628,2057.75
0.34,0.64,0.36,0.65,1770422467399,2057.1
0.34,0.64,0.36,0.66,1770422467400,2057.1
0.34,0.65,0.36,0.66,1770422467426,2057.1
0.34,0.65,0.35,0.66,1770422467436,2057.1
0.34,0.64,0.35,0.66,1770422467449,2057.1
0.34,0.64,0.36,0.66,1770422467450,2057.1
0.34,0.65,0.36,0.66,1770422467579,2057.1
0.34,0.65,0.35,0.66,1770422467581,2057.1
0.34,0.64,0.35,0.66,1770422469084,2056.59
0.34,0.64,0.36,0.66,1770422469112,2056.59
0.34,0.63,0.36,0.66,1770422469268,2056.36
0.34,0.63,0.37,0.66,1770422469272,2056.36
0.35,0.63,0.37,0.66,1770422470113,2056.36
0.35,0.63,0.37,0.65,1770422470121,2056.36
0.36,0.63,0.37,0.65,1770422470246,2056.68
0.36,0.63,0.37,0.64,1770422470247,2056.68
0.35,0.63,0.37,0.64,1770422470562,2056.68
0.35,0.63,0.37,0.65,1770422470587,2056.68
0.36,0.63,0.37,0.65,1770422470734,2056.68
0.36,0.63,0.37,0.64,1770422470735,2056.68
0.36,0.62,0.37,0.64,1770422470988,2056.68
0.36,0.62,0.38,0.64,1770422470989,2056.68
0.37,0.62,0.38,0.64,1770422471042,2056.68
0.37,0.62,0.38,0.63,1770422471048,2056.68
0.36,0.62,0.38,0.63,1770422472418,2057.5
0.36,0.62,0.38,0.64,1770422472421,2057.5
0.37,0.62,0.38,0.64,1770422472429,2057.5
0.37,0.62,0.38,0.63,1770422472432,2057.5
0.36,0.62,0.38,0.63,1770422472469,2057.5
0.36,0.62,0.38,0.64,1770422472470,2057.5
0.36,0.63,0.38,0.64,1770422472511,2057.5
0.36,0.63,0.37,0.64,1770422472517,2057.5
0.35,0.63,0.37,0.64,1770422472948,2057.5
0.35,0.63,0.37,0.65,1770422472949,2057.5
0.34,0.63,0.37,0.65,1770422473264,2056.9
0.34,0.63,0.37,0.66,1770422473265,2056.9
0.34,0.64,0.37,0.66,1770422473316,2056.9
0.34,0.64,0.36,0.66,1770422473345,2056.9
0.34,0.65,0.36,0.66,1770422473534,2056.9
0.34,0.65,0.35,0.66,1770422473541,2056.9
0.34,0.64,0.35,0.66,1770422473745,2056.9
0.34,0.64,0.36,0.66,1770422473754,2056.9
0.35,0.64,0.36,0.66,1770422473786,2056.9
0.35,0.64,0.36,0.65,1770422473794,2056.9
0.34,0.64,0.36,0.65,1770422473960,2056.9
0.34,0.64,0.36,0.66,1770422473962,2056.9
0.34,0.65,0.36,0.66,1770422473999,2056.9
0.34,0.65,0.35,0.66,1770422474004,2056.9
0.33,0.65,0.35,0.66,1770422474122,2056.9
0.33,0.65,0.35,0.67,1770422474124,2056.9
0.33,0.66,0.35,0.67,1770422474270,2056.23
0.33,0.66,0.34,0.67,1770422474271,2056.23
0.33,0.65,0.34,0.67,1770422475072,2056.23
0.33,0.65,0.35,0.67,1770422475074,2056.23
0.33,0.66,0.35,0.67,1770422475259,2055.9
0.33,0.66,0.34,0.67,1770422475290,2055.9
0.33,0.65,0.34,0.67,1770422475626,2055.9
0.33,0.65,0.35,0.67,1770422475655,2055.9
0.34,0.65,0.35,0.67,1770422475714,2055.9
0.34,0.65,0.35,0.66,1770422475718,2055.9
0.34,0.64,0.35,0.66,1770422476063,2055.9
0.34,0.64,0.36,0.66,1770422476064,2055.9
0.35,0.64,0.36,0.66,1770422476198,2055.9
0.35,0.64,0.36,0.65,1770422476199,2055.9
0.34,0.64,0.36,0.65,1770422476307,2056.23
0.34,0.64,0.36,0.66,1770422476322,2056.23
0.35,0.64,0.36,0.66,1770422476505,2056.23
0.35,0.64,0.36,0.65,1770422476506,2056.23
0.34,0.64,0.36,0.65,1770422476598,2056.23
0.34,0.64,0.36,0.66,1770422476607,2056.23
0.35,0.64,0.36,0.66,1770422476785,2056.23
0.35,0.64,0.36,0.65,1770422476787,2056.23
0.34,0.64,0.36,0.65,1770422476876,2056.23
0.34,0.64,0.36,0.66,1770422476880,2056.23
0.35,0.64,0.36,0.66,1770422477022,2056.23
0.35,0.64,0.36,0.65,1770422477023,2056.23
0.34,0.64,0.36,0.65,1770422477117,2056.23
0.34,0.64,0.36,0.66,1770422477118,2056.23
0.35,0.64,0.36,0.66,1770422477717,2056.32
0.35,0.64,0.36,0.65,1770422477727,2056.32
0.34,0.64,0.36,0.65,1770422477746,2056.32
0.34,0.64,0.36,0.66,1770422477747,2056.32
0.35,0.64,0.36,0.66,1770422478978,2056.31
0.35,0.64,0.36,0.65,1770422478979,2056.31
0.35,0.63,0.36,0.65,1770422479093,2056.31
0.35,0.63,0.37,0.65,1770422479094,2056.31
0.36,0.63,0.37,0.65,1770422479133,2056.31
0.36,0.63,0.37,0.64,1770422479134,2056.31
0.35,0.63,0.37,0.64,1770422481549,2057.1
0.35,0.63,0.37,0.65,1770422481560,2057.1
0.35,0.64,0.37,0.65,1770422481675,2057.1
0.35,0.64,0.36,0.65,1770422481677,2057.1
0.35,0.63,0.36,0.65,1770422483278,2056.48
0.35,0.63,0.37,0.65,1770422483279,2056.48
0.36,0.63,0.37,0.65,1770422483342,2056.48
0.36,0.63,0.37,0.64,1770422483343,2056.48
0.35,0.63,0.37,0.64,1770422483549,2056.48
0.35,0.63,0.37,0.65,1770422483550,2056.48
0.36,0.63,0.37,0.65,1770422483670,2056.48
0.36,0.63,0.37,0.64,1770422483671,2056.48
0.36,0.62,0.37,0.64,1770422484925,2056.87
0.36,0.62,0.38,0.64,1770422484929,2056.87
0.37,0.62,0.38,0.64,1770422484996,2056.87
0.37,0.62,0.38,0.63,1770422485005,2056.87
0.37,0.61,0.38,0.63,1770422485521,2057.15
0.37,0.61,0.39,0.63,1770422485528,2057.15
0.38,0.61,0.39,0.63,1770422485561,2057.15
0.38,0.61,0.39,0.62,1770422485562,2057.15
0.38,0.6,0.39,0.62,1770422486361,2057.73
0.38,0.6,0.4,0.62,1770422486363,2057.73
0.39,0.6,0.4,0.62,1770422486403,2057.73
0.39,0.6,0.4,0.61,1770422486406,2057.73
0.38,0.6,0.4,0.61,1770422488359,2058.36
0.38,0.6,0.4,0.62,1770422488368,2058.36
0.39,0.6,0.4,0.62,1770422488654,2058.36
0.39,0.6,0.4,0.61,1770422488659,2058.36
0.38,0.6,0.4,0.61,1770422488900,2058.36
0.38,0.6,0.4,0.62,1770422488901,2058.36
0.39,0.6,0.4,0.62,1770422488981,2058.36
0.39,0.6,0.4,0.61,1770422488982,2058.36
0.38,0.6,0.4,0.61,1770422489080,2058.36
0.38,0.6,0.4,0.62,1770422489085,2058.36
0.38,0.61,0.4,0.62,1770422489330,2058.05
0.38,0.61,0.39,0.62,1770422489354,2058.05
0.37,0.61,0.39,0.62,1770422490361,2058.01
0.37,0.61,0.39,0.63,1770422490362,2058.01
0.36,0.61,0.39,0.63,1770422490379,2058.01
0.36,0.61,0.39,0.64,1770422490380,2058.01
0.36,0.62,0.39,0.64,1770422490382,2058.01
0.36,0.62,0.38,0.64,1770422490383,2058.01
0.37,0.62,0.38,0.64,1770422490400,2058.01
0.37,0.62,0.38,0.63,1770422490401,2058.01
0.36,0.62,0.38,0.63,1770422490888,2058.01
0.36,0.62,0.38,0.64,1770422490915,2058.01
0.36,0.63,0.38,0.64,1770422490926,2058.01
0.36,0.63,0.37,0.64,1770422490944,2058.01
0.35,0.63,0.37,0.64,1770422492567,2057.07
0.35,0.63,0.37,0.65,1770422492568,2057.07
0.35,0.64,0.37,0.65,1770422492606,2057.07
0.35,0.64,0.36,0.65,1770422492611,2057.07
0.33,0.64,0.36,0.65,1770422493764,2056.82
0.33,0.64,0.36,0.67,1770422493765,2056.82
0.33,0.65,0.36,0.67,1770422493799,2056.82
0.33,0.65,0.35,0.67,1770422493800,2056.82
0.33,0.66,0.35,0.67,1770422493814,2056.82
0.33,0.66,0.34,0.67,1770422493819,2056.82
0.32,0.66,0.34,0.67,1770422494295,2055.51
0.32,0.66,0.34,0.68,1770422494296,2055.51
0.32,0.67,0.34,0.68,1770422494334,2055.51
0.32,0.67,0.33,0.68,1770422494335,2055.51
0.31,0.67,0.33,0.68,1770422495831,2054.9
0.31,0.67,0.33,0.69,1770422495832,2054.9
0.31,0.68,0.33,0.69,1770422495849,2054.9
0.31,0.68,0.32,0.69,1770422495850,2054.9
0.3,0.68,0.32,0.69,1770422496371,2054.45
0.3,0.68,0.32,0.7,1770422496377,2054.45
0.3,0.69,0.32,0.7,1770422496407,2054.45
0.3,0.69,0.31,0.7,1770422496421,2054.45
0.3,0.68,0.31,0.7,1770422497155,2054.45
0.3,0.68,0.32,0.7,1770422497163,2054.45
0.3,0.69,0.32,0.7,1770422497194,2054.45
0.3,0.69,0.31,0.7,1770422497202,2054.45
0.29,0.69,0.31,0.7,1770422499483,2054.0
0.29,0.69,0.31,0.71,1770422499490,2054.0
0.29,0.7,0.31,0.71,1770422499517,2054.0
0.29,0.7,0.3,0.71,1770422499531,2054.0
0.29,0.69,0.3,0.71,1770422499567,2054.0
0.29,0.69,0.31,0.71,1770422499569,2054.0
0.3,0.69,0.31,0.71,1770422499685,2054.0
0.3,0.69,0.31,0.7,1770422499686,2054.0
0.29,0.69,0.31,0.7,1770422499764,2054.0
0.29,0.69,0.31,0.71,1770422499770,2054.0
0.3,0.69,0.31,0.71,1770422500034,2054.0
0.3,0.69,0.31,0.7,1770422500037,2054.0
0.3,0.68,0.31,0.7,1770422500377,2054.46
0.3,0.68,0.32,0.7,1770422500379,2054.46
0.31,0.68,0.32,0.7,1770422500427,2054.46
0.31,0.68,0.32,0.69,1770422500428,2054.46
0.3,0.68,0.32,0.69,1770422500539,2054.46
0.3,0.68,0.32,0.7,1770422500541,2054.46
0.31,0.68,0.32,0.7,1770422500578,2054.46
0.31,0.68,0.32,0.69,1770422500585,2054.46
0.31,0.67,0.32,0.69,1770422502478,2054.91
0.31,0.67,0.33,0.69,1770422502480,2054.91
0.32,0.67,0.33,0.69,1770422502510,2054.91
0.32,0.67,0.33,0.68,1770422502511,2054.91
0.31,0.67,0.33,0.68,1770422502768,2054.91
0.31,0.67,0.33,0.69,1770422502769,2054.91
0.31,0.68,0.33,0.69,1770422502770,2054.91
0.31,0.68,0.32,0.69,1770422502794,2054.91
0.3,0.68,0.32,0.69,1770422505715,2054.77
0.3,0.68,0.32,0.7,1770422505716,2054.77
0.3,0.69,0.32,0.7,1770422505746,2054.77
0.3,0.69,0.31,0.7,1770422505747,2054.77
0.29,0.69,0.31,0.7,1770422508935,2054.25
0.29,0.7,0.31,0.71,1770422508936,2054.25
0.29,0.7,0.3,0.71,1770422508950,2054.25
0.29,0.69,0.3,0.71,1770422515505,2054.38
0.29,0.69,0.31,0.71,1770422515512,2054.38
0.3,0.69,0.31,0.71,1770422515546,2054.38
0.3,0.69,0.31,0.7,1770422515547,2054.38
0.29,0.69,0.31,0.7,1770422515569,2054.38
0.3,0.69,0.31,0.71,1770422515571,2054.38
0.3,0.69,0.31,0.7,1770422515574,2054.38
0.29,0.69,0.31,0.7,1770422515580,2054.38
0.29,0.69,0.31,0.71,1770422515608,2054.38
0.29,0.7,0.31,0.71,1770422515716,2054.38
0.29,0.7,0.3,0.71,1770422515740,2054.38
0.29,0.69,0.3,0.71,1770422515773,2054.38
0.29,0.69,0.31,0.71,1770422515781,2054.38
0.29,0.7,0.31,0.71,1770422516398,2054.07
0.29,0.7,0.3,0.71,1770422516399,2054.07
0.29,0.69,0.3,0.71,1770422517261,2054.11
0.29,0.69,0.31,0.71,1770422517262,2054.11
0.3,0.69,0.31,0.71,1770422517284,2054.11
0.3,0.69,0.31,0.7,1770422517289,2054.11
0.3,0.68,0.31,0.7,1770422521186,2054.61
0.3,0.68,0.32,0.7,1770422521187,2054.61
0.31,0.68,0.32,0.7,1770422521211,2054.61
0.31,0.68,0.32,0.69,1770422521216,2054.61
0.3,0.68,0.32,0.69,1770422522011,2054.62
0.3,0.68,0.32,0.7,1770422522018,2054.62
0.31,0.68,0.32,0.7,1770422522019,2054.62
0.31,0.68,0.32,0.69,1770422522020,2054.62
0.31,0.67,0.32,0.69,1770422523382,2054.69
0.31,0.67,0.33,0.69,1770422523385,2054.69
0.31,0.66,0.33,0.69,1770422523387,2054.69
0.31,0.66,0.34,0.69,1770422523388,2054.69
0.31,0.67,0.34,0.69,1770422523389,2054.69
0.31,0.67,0.33,0.69,1770422523392,2054.69
0.32,0.67,0.33,0.69,1770422523408,2054.69
0.32,0.67,0.33,0.68,1770422523409,2054.69
0.32,0.66,0.33,0.68,1770422524569,2055.31
0.32,0.66,0.34,0.68,1770422524572,2055.31
0.33,0.66,0.34,0.68,1770422524595,2055.31
0.33,0.66,0.34,0.67,1770422524596,2055.31
0.33,0.65,0.34,0.67,1770422525128,2055.31
0.33,0.64,0.35,0.67,1770422525129,2055.31
0.33,0.64,0.36,0.67,1770422525133,2055.31
0.34,0.64,0.36,0.67,1770422525150,2055.31
0.34,0.64,0.36,0.66,1770422525151,2055.31
0.35,0.64,0.36,0.66,1770422525171,2055.31
0.35,0.64,0.36,0.65,1770422525174,2055.31
0.35,0.63,0.36,0.65,1770422525814,2056.51
0.35,0.63,0.37,0.65,1770422525815,2056.51
0.36,0.63,0.37,0.65,1770422525839,2056.51
0.36,0.63,0.37,0.64,1770422525840,2056.51
0.36,0.62,0.37,0.64,1770422526125,2056.51
0.36,0.62,0.38,0.64,1770422526127,2056.51
0.37,0.62,0.38,0.64,1770422526150,2056.51
0.37,0.62,0.38,0.63,1770422526151,2056.51
0.37,0.61,0.38,0.63,1770422527002,2057.83
0.37,0.61,0.39,0.63,1770422527017,2057.83
0.38,0.61,0.39,0.63,1770422527029,2057.83
0.38,0.61,0.39,0.62,1770422527040,2057.83
0.38,0.61,0.4,0.62,1770422528088,2058.41
0.38,0.6,0.4,0.62,1770422528089,2058.41
0.39,0.6,0.4,0.62,1770422528111,2058.41
0.39,0.6,0.4,0.61,1770422528118,2058.41
0.39,0.59,0.4,0.61,1770422529596,2059.3
0.39,0.59,0.41,0.61,1770422529622,2059.3
0.4,0.59,0.41,0.61,1770422529662,2059.3
0.4,0.59,0.41,0.6,1770422529663,2059.3
0.4,0.59,0.42,0.6,1770422530031,2059.3
0.4,0.58,0.42,0.6,1770422530034,2059.3
0.41,0.58,0.42,0.6,1770422530062,2059.3
0.41,0.58,0.42,0.59,1770422530063,2059.3
0.41,0.57,0.42,0.58,1770422530541,2060.37
0.42,0.57,0.43,0.58,1770422530543,2060.37
0.4,0.57,0.43,0.58,1770422531337,2060.97
0.4,0.57,0.43,0.6,1770422531338,2060.97
0.4,0.56,0.43,0.6,1770422531353,2060.97
0.4,0.59,0.44,0.6,1770422531356,2060.97
0.4,0.59,0.41,0.6,1770422531359,2060.97
0.39,0.59,0.41,0.6,1770422531378,2060.97
0.39,0.59,0.41,0.61,1770422531379,2060.97
0.39,0.6,0.41,0.61,1770422531422,2060.97
0.39,0.6,0.4,0.61,1770422531423,2060.97
0.39,0.58,0.4,0.61,1770422531566,2060.97
0.39,0.58,0.42,0.61,1770422531567,2060.97
0.39,0.59,0.42,0.61,1770422531596,2060.97
0.39,0.59,0.41,0.61,1770422531600,2060.97
0.39,0.6,0.41,0.61,1770422531625,2060.97
0.39,0.6,0.4,0.61,1770422531630,2060.97
0.37,0.6,0.4,0.61,1770422531845,2060.97
0.37,0.6,0.4,0.63,1770422531846,2060.97
0.37,0.62,0.4,0.63,1770422531864,2060.97
0.37,0.62,0.38,0.63,1770422531865,2060.97
0.37,0.6,0.38,0.63,1770422531893,2060.97
0.37,0.62,0.4,0.63,1770422531894,2060.97
0.37,0.62,0.38,0.63,1770422531895,2060.97
0.37,0.6,0.38,0.63,1770422531954,2060.97
0.37,0.6,0.4,0.63,1770422531962,2060.97
0.37,0.61,0.4,0.63,1770422531995,2060.97
0.37,0.61,0.39,0.63,1770422532000,2060.97
0.37,0.62,0.39,0.63,1770422532014,2060.97
0.37,0.62,0.38,0.63,1770422532017,2060.97
0.36,0.62,0.38,0.63,1770422532108,2060.97
0.36,0.62,0.38,0.64,1770422532133,2060.97
0.37,0.62,0.38,0.64,1770422532160,2060.97
0.37,0.62,0.38,0.63,1770422532165,2060.97
0.36,0.62,0.38,0.63,1770422532616,2057.57
0.36,0.62,0.38,0.64,1770422532627,2057.57
0.36,0.63,0.38,0.64,1770422532641,2057.57
0.36,0.63,0.37,0.64,1770422532647,2057.57
0.35,0.63,0.37,0.64,1770422532792,2057.57
0.35,0.63,0.37,0.65,1770422532793,2057.57
0.35,0.64,0.37,0.65,1770422532810,2057.57
0.35,0.64,0.36,0.65,1770422532811,2057.57
0.35,0.63,0.36,0.65,1770422532838,2057.57
0.36,0.63,0.37,0.65,1770422532843,2057.57
0.36,0.63,0.37,0.64,1770422532846,2057.57
0.35,0.63,0.37,0.64,1770422533669,2056.98
0.35,0.63,0.37,0.65,1770422533670,2056.98
0.35,0.64,0.37,0.65,1770422533698,2056.98
0.35,0.64,0.36,0.65,1770422533713,2056.98
0.35,0.63,0.36,0.65,1770422534370,2056.45
0.35,0.63,0.37,0.65,1770422534392,2056.45
0.36,0.63,0.37,0.65,1770422534407,2056.45
0.36,0.63,0.37,0.64,1770422534411,2056.45
0.35,0.63,0.37,0.64,1770422535167,2056.45
0.35,0.63,0.37,0.65,1770422535173,2056.45
0.35,0.64,0.37,0.65,1770422535193,2056.45
0.35,0.64,0.36,0.65,1770422535197,2056.45
0.34,0.64,0.36,0.65,1770422535339,2056.58
0.34,0.64,0.36,0.66,1770422535343,2056.58
0.34,0.65,0.36,0.66,1770422535365,2056.58
0.34,0.65,0.35,0.66,1770422535366,2056.58
0.33,0.65,0.35,0.66,1770422535686,2056.58
0.33,0.65,0.35,0.67,1770422535697,2056.58
0.33,0.66,0.35,0.67,1770422535710,2056.58
0.33,0.66,0.34,0.67,1770422535711,2056.58
0.33,0.65,0.34,0.67,1770422544928,2055.69
0.33,0.65,0.35,0.67,1770422544943,2055.69
0.34,0.65,0.35,0.67,1770422544951,2055.69
0.34,0.65,0.35,0.66,1770422544952,2055.69
0.33,0.65,0.35,0.66,1770422546125,2055.99
0.33,0.65,0.35,0.67,1770422546151,2055.99
0.33,0.66,0.35,0.67,1770422546168,2055.99
0.33,0.66,0.34,0.67,1770422546182,2055.9
0.32,0.66,0.34,0.67,1770422547635,2055.26
0.32,0.66,0.34,0.68,1770422547661,2055.26
0.32,0.67,0.34,0.68,1770422547672,2055.26
0.32,0.67,0.33,0.68,1770422547689,2055.26
0.32,0.66,0.33,0.68,1770422547910,2055.26
0.32,0.66,0.34,0.68,1770422547915,2055.26
0.33,0.66,0.34,0.68,1770422547964,2055.26
0.33,0.66,0.34,0.67,1770422547965,2055.26
0.32,0.66,0.34,0.67,1770422548016,2055.26
0.32,0.66,0.34,0.68,1770422548019,2055.26
0.32,0.67,0.34,0.68,1770422548324,2055.26
0.32,0.67,0.33,0.68,1770422548325,2055.26
0.31,0.67,0.33,0.68,1770422548912,2055.26
0.31,0.67,0.33,0.69,1770422548927,2055.26
0.31,0.68,0.33,0.69,1770422549815,2054.61
0.31,0.68,0.32,0.69,1770422549824,2054.61
0.3,0.68,0.32,0.69,1770422550507,2054.5
0.3,0.68,0.32,0.7,1770422550508,2054.5
0.3,0.69,0.32,0.7,1770422550552,2054.5
0.3,0.69,0.31,0.7,1770422550571,2054.5
0.31,0.69,0.32,0.7,1770422551075,2054.5
0.31,0.68,0.32,0.69,1770422551097,2054.5
0.31,0.67,0.32,0.69,1770422552188,2054.25
0.31,0.66,0.33,0.69,1770422552202,2054.25
0.31,0.66,0.34,0.69,1770422552215,2054.25
0.32,0.66,0.34,0.69,1770422552216,2054.25
0.32,0.66,0.34,0.68,1770422552217,2054.25
0.33,0.66,0.34,0.68,1770422552359,2054.87
0.33,0.66,0.34,0.67,1770422552360,2054.87
0.32,0.66,0.34,0.67,1770422552498,2054.87
0.32,0.66,0.34,0.68,1770422552577,2054.87
0.33,0.66,0.34,0.68,1770422552679,2054.87
0.33,0.66,0.34,0.67,1770422552680,2054.87
0.32,0.66,0.34,0.67,1770422552797,2054.87
0.32,0.66,0.34,0.68,1770422552802,2054.87
0.33,0.66,0.34,0.68,1770422552808,2054.87
0.33,0.66,0.34,0.67,1770422552809,2054.87
0.32,0.66,0.34,0.67,1770422553051,2054.87
0.32,0.66,0.34,0.68,1770422553059,2054.87
0.33,0.66,0.34,0.68,1770422553085,2054.87
0.33,0.66,0.34,0.67,1770422553086,2054.87
0.32,0.66,0.34,0.67,1770422554303,2055.6
0.32,0.66,0.34,0.68,1770422554304,2055.6
0.32,0.67,0.34,0.68,1770422554498,2055.6
0.32,0.67,0.33,0.68,1770422554499,2055.6
0.32,0.66,0.33,0.68,1770422557777,2055.39
0.32,0.66,0.34,0.68,1770422557785,2055.39
0.33,0.66,0.34,0.68,1770422557796,2055.39
0.33,0.66,0.34,0.67,1770422557797,2055.39
0.33,0.65,0.34,0.67,1770422559409,2055.59
0.33,0.65,0.35,0.67,1770422559410,2055.59
0.33,0.64,0.35,0.67,1770422559428,2055.59
0.33,0.65,0.36,0.67,1770422559437,2055.59
0.33,0.65,0.35,0.67,1770422559438,2055.59
0.34,0.65,0.35,0.67,1770422559464,2055.59
0.34,0.65,0.35,0.66,1770422559465,2055.59
0.34,0.64,0.35,0.66,1770422559499,2055.59
0.34,0.64,0.36,0.66,1770422559500,2055.59
0.35,0.64,0.36,0.66,1770422559547,2055.59
0.35,0.64,0.36,0.65,1770422559565,2055.59
0.34,0.64,0.36,0.65,1770422559754,2055.59
0.34,0.65,0.36,0.66,1770422559760,2055.59
0.34,0.65,0.35,0.66,1770422559766,2055.59
0.33,0.65,0.35,0.66,1770422562912,2056.54
0.33,0.65,0.35,0.67,1770422562913,2056.54
0.33,0.66,0.35,0.67,1770422562975,2056.54
0.33,0.66,0.34,0.67,1770422562976,2056.54
0.33,0.65,0.34,0.67,1770422566217,2056.0
0.33,0.65,0.35,0.67,1770422566218,2056.0
0.34,0.65,0.35,0.67,1770422566248,2056.01
0.34,0.65,0.35,0.66,1770422566254,2056.01
0.34,0.64,0.35,0.66,1770422566802,2056.01
0.34,0.64,0.36,0.66,1770422566803,2056.01
0.35,0.64,0.36,0.66,1770422566850,2056.01
0.35,0.64,0.36,0.65,1770422566851,2056.01
0.34,0.64,0.36,0.65,1770422567273,2056.56
0.34,0.64,0.36,0.66,1770422567292,2056.56
0.34,0.65,0.36,0.66,1770422568100,2056.56
0.34,0.65,0.35,0.66,1770422568101,2056.56
0.33,0.65,0.35,0.66,1770422568481,2056.32
0.33,0.65,0.35,0.67,1770422568496,2056.32
0.33,0.66,0.35,0.67,1770422569100,2056.32
0.33,0.66,0.34,0.67,1770422569101,2056.32
0.33,0.65,0.34,0.67,1770422573615,2055.61
0.33,0.65,0.35,0.67,1770422573619,2055.61
0.34,0.65,0.35,0.67,1770422573676,2055.61
0.34,0.65,0.35,0.66,1770422573679,2055.61
0.34,0.64,0.35,0.66,1770422574793,2056.1
0.34,0.64,0.36,0.66,1770422574797,2056.1
0.35,0.64,0.36,0.66,1770422574965,2056.1
0.35,0.64,0.36,0.65,1770422574966,2056.1
0.34,0.64,0.36,0.65,1770422575066,2056.1
0.34,0.64,0.36,0.66,1770422575067,2056.1
0.35,0.64,0.36,0.66,1770422575092,2056.1
0.35,0.64,0.36,0.65,1770422575093,2056.1
0.34,0.64,0.36,0.65,1770422576926,2056.5
0.34,0.64,0.36,0.66,1770422576927,2056.5
0.34,0.65,0.36,0.66,1770422576952,2056.5
0.34,0.65,0.35,0.66,1770422576955,2056.5
0.33,0.65,0.35,0.66,1770422577615,2056.07
0.33,0.65,0.35,0.67,1770422577617,2056.07
0.33,0.66,0.35,0.67,1770422580150,2055.85
0.33,0.66,0.34,0.67,1770422580152,2055.85
0.32,0.66,0.34,0.67,1770422580568,2055.85
0.32,0.66,0.34,0.68,1770422580569,2055.85
0.33,0.66,0.34,0.68,1770422580629,2055.85
0.33,0.66,0.34,0.67,1770422580630,2055.85
0.33,0.65,0.34,0.67,1770422581444,2055.4
0.33,0.65,0.35,0.67,1770422581448,2055.4
0.34,0.65,0.35,0.67,1770422581591,2055.4
0.34,0.65,0.35,0.66,1770422581598,2055.4
0.34,0.64,0.35,0.66,1770422583435,2056.05
0.34,0.64,0.36,0.66,1770422583462,2056.05
0.35,0.64,0.36,0.66,1770422583522,2056.05
0.35,0.64,0.36,0.65,1770422583523,2056.05
0.34,0.64,0.36,0.65,1770422585613,2056.64
0.34,0.64,0.36,0.66,1770422585614,2056.64
0.34,0.64,0.35,0.66,1770422585627,2056.64
0.34,0.65,0.35,0.66,1770422585633,2056.64
0.33,0.65,0.35,0.66,1770422585725,2056.64
0.33,0.65,0.35,0.67,1770422585728,2056.64
0.34,0.65,0.35,0.67,1770422585737,2056.64
0.34,0.65,0.35,0.66,1770422585738,2056.64
0.34,0.64,0.35,0.66,1770422585848,2056.64
0.34,0.64,0.36,0.66,1770422585857,2056.64
0.34,0.65,0.36,0.66,1770422586137,2056.64
0.34,0.65,0.35,0.66,1770422586164,2056.64
0.34,0.64,0.35,0.66,1770422587836,2056.12
0.34,0.64,0.36,0.66,1770422587840,2056.12
0.35,0.64,0.36,0.66,1770422587909,2056.12
0.35,0.64,0.36,0.65,1770422587926,2056.12
0.35,0.63,0.36,0.65,1770422588194,2056.12
0.35,0.63,0.37,0.65,1770422588196,2056.12
0.36,0.63,0.37,0.65,1770422588282,2056.44
0.36,0.63,0.37,0.64,1770422588290,2056.44
0.35,0.63,0.37,0.64,1770422588848,2056.44
0.35,0.63,0.37,0.65,1770422588849,2056.44
0.36,0.63,0.37,0.65,1770422590872,2056.63
0.36,0.63,0.37,0.64,1770422590884,2056.63
0.35,0.63,0.37,0.64,1770422590898,2056.63
0.35,0.63,0.37,0.65,1770422590949,2056.63
0.36,0.63,0.37,0.65,1770422591344,2056.75
0.36,0.63,0.37,0.64,1770422591346,2056.75
0.37,0.63,0.38,0.64,1770422596242,2058.14
0.37,0.62,0.38,0.63,1770422596260,2058.14
0.36,0.62,0.38,0.63,1770422597548,2057.95
0.36,0.62,0.38,0.64,1770422597556,2057.95
0.36,0.63,0.38,0.64,1770422597589,2057.95
0.36,0.63,0.37,0.64,1770422597594,2057.95
0.36,0.62,0.37,0.64,1770422599137,2057.47
0.36,0.62,0.38,0.64,1770422599144,2057.47
0.37,0.62,0.38,0.64,1770422599493,2057.36
0.37,0.62,0.38,0.63,1770422599494,2057.36
0.38,0.62,0.39,0.63,1770422603287,2058.29
0.38,0.61,0.39,0.62,1770422603295,2058.29
0.38,0.6,0.39,0.62,1770422607075,2058.41
0.38,0.6,0.4,0.62,1770422607076,2058.41
0.39,0.6,0.4,0.62,1770422607126,2058.41
0.39,0.6,0.4,0.61,1770422607127,2058.41
0.39,0.6,0.41,0.61,1770422609707,2058.93
0.39,0.59,0.41,0.61,1770422609708,2058.93
0.4,0.59,0.41,0.61,1770422609726,2058.93
0.4,0.59,0.41,0.6,1770422609727,2058.93
0.4,0.59,0.42,0.6,1770422610605,2059.36
0.4,0.58,0.42,0.6,1770422610606,2059.36
0.41,0.58,0.42,0.6,1770422610672,2059.36
0.41,0.58,0.42,0.59,1770422610684,2059.36
0.4,0.58,0.42,0.59,1770422612589,2059.56
0.4,0.58,0.42,0.6,1770422612590,2059.56
0.4,0.59,0.42,0.6,1770422612595,2059.56
0.4,0.59,0.41,0.6,1770422612616,2059.56
0.4,0.58,0.41,0.6,1770422618449,2059.36
0.4,0.58,0.42,0.6,1770422618455,2059.36
0.41,0.58,0.42,0.6,1770422618499,2059.36
0.41,0.58,0.42,0.59,1770422618500,2059.36
0.4,0.58,0.42,0.59,1770422619886,2059.73
0.4,0.58,0.42,0.6,1770422619887,2059.73
0.4,0.59,0.42,0.6,1770422619916,2059.73
0.4,0.59,0.41,0.6,1770422619917,2059.73
0.4,0.6,0.41,0.62,1770422623772,2059.24
0.38,0.6,0.4,0.62,1770422623773,2059.24
0.38,0.61,0.4,0.62,1770422624116,2059.24
0.38,0.61,0.39,0.62,1770422624141,2059.24
0.38,0.6,0.39,0.62,1770422624143,2059.24
0.38,0.6,0.4,0.62,1770422624144,2059.24
0.39,0.6,0.4,0.62,1770422625641,2058.31
0.39,0.6,0.4,0.61,1770422625643,2058.31
0.39,0.6,0.41,0.61,1770422625763,2058.31
0.39,0.59,0.41,0.61,1770422625764,2058.31
0.4,0.59,0.41,0.61,1770422625795,2058.31
0.4,0.59,0.41,0.6,1770422625811,2058.31
0.39,0.59,0.41,0.6,1770422626767,2058.8
0.39,0.59,0.41,0.61,1770422626786,2058.8
0.4,0.59,0.41,0.61,1770422626864,2058.8
0.4,0.59,0.41,0.6,1770422626882,2058.8
0.4,0.59,0.42,0.6,1770422629130,2059.02
0.4,0.58,0.42,0.6,1770422629138,2059.02
0.41,0.58,0.42,0.6,1770422629181,2059.02
0.41,0.58,0.42,0.59,1770422629182,2059.02
0.4,0.58,0.42,0.59,1770422631374,2059.23
0.4,0.58,0.42,0.6,1770422631393,2059.23
0.4,0.59,0.42,0.6,1770422631399,2059.23
0.4,0.59,0.41,0.6,1770422631400,2059.23
0.39,0.59,0.41,0.6,1770422632492,2059.05
0.39,0.59,0.41,0.61,1770422632493,2059.05
0.39,0.6,0.41,0.61,1770422632516,2059.05
0.39,0.6,0.4,0.61,1770422632517,2059.05
0.38,0.6,0.4,0.61,1770422632582,2059.05
0.38,0.6,0.4,0.62,1770422632588,2059.05
0.38,0.61,0.4,0.62,1770422632726,2059.05
0.38,0.61,0.39,0.62,1770422632728,2059.05
0.37,0.61,0.39,0.62,1770422632818,2059.05
0.37,0.61,0.39,0.63,1770422632827,2059.05
0.37,0.62,0.39,0.63,1770422632996,2059.05
0.37,0.62,0.38,0.63,1770422633002,2059.05
0.37,0.61,0.38,0.63,1770422633091,2059.05
0.37,0.61,0.39,0.63,1770422633114,2059.05
0.38,0.61,0.39,0.63,1770422633235,2059.05
0.38,0.61,0.39,0.62,1770422633236,2059.05
0.37,0.61,0.39,0.62,1770422633260,2057.92
0.37,0.61,0.39,0.63,1770422633264,2057.92
0.38,0.61,0.39,0.63,1770422633344,2057.92
0.38,0.61,0.39,0.62,1770422633345,2057.92
0.37,0.61,0.39,0.62,1770422633374,2057.92
0.37,0.61,0.39,0.63,1770422633376,2057.92
0.38,0.61,0.39,0.63,1770422633538,2057.92
0.38,0.61,0.39,0.62,1770422633545,2057.92
0.37,0.61,0.39,0.62,1770422634146,2057.92
0.37,0.61,0.39,0.63,1770422634150,2057.92
0.38,0.61,0.39,0.63,1770422634362,2057.91
0.38,0.61,0.39,0.62,1770422634363,2057.91
0.37,0.61,0.39,0.62,1770422634454,2057.91
0.37,0.61,0.39,0.63,1770422634456,2057.91
0.38,0.61,0.39,0.63,1770422634722,2057.91
0.38,0.61,0.39,0.62,1770422634727,2057.91
0.37,0.61,0.39,0.62,1770422634749,2057.91
0.37,0.61,0.39,0.63,1770422634750,2057.91
0.38,0.61,0.39,0.63,1770422634860,2057.91
0.38,0.61,0.39,0.62,1770422634861,2057.91
0.37,0.61,0.39,0.62,1770422635125,2057.91
0.37,0.61,0.39,0.63,1770422635126,2057.91
0.38,0.61,0.39,0.63,1770422635529,2057.91
0.38,0.61,0.39,0.62,1770422635530,2057.91
0.38,0.6,0.39,0.62,1770422635821,2057.91
0.38,0.6,0.4,0.62,1770422635832,2057.91
0.39,0.6,0.4,0.62,1770422635979,2057.91
0.39,0.6,0.4,0.61,1770422635980,2057.91
0.38,0.6,0.4,0.61,1770422636558,2058.26
0.38,0.6,0.4,0.62,1770422636618,2058.26
0.39,0.6,0.4,0.62,1770422637621,2058.25
0.39,0.6,0.4,0.61,1770422637622,2058.25
0.38,0.6,0.4,0.61,1770422637991,2058.25
0.38,0.6,0.4,0.62,1770422637992,2058.25
0.38,0.61,0.4,0.62,1770422638024,2058.25
0.38,0.61,0.39,0.62,1770422638029,2058.25
0.37,0.61,0.39,0.62,1770422638047,2058.25
0.37,0.61,0.39,0.63,1770422638048,2058.25
0.37,0.62,0.39,0.63,1770422639082,2057.87
0.37,0.62,0.38,0.63,1770422639083,2057.87
0.37,0.61,0.38,0.63,1770422640893,2057.62
0.37,0.61,0.39,0.63,1770422640894,2057.62
0.37,0.62,0.39,0.63,1770422640922,2057.62
0.37,0.62,0.38,0.63,1770422640923,2057.62
0.36,0.62,0.38,0.63,1770422641629,2057.88
0.36,0.62,0.38,0.64,1770422641635,2057.88
0.37,0.62,0.38,0.63,1770422641641,2057.88
0.36,0.62,0.38,0.63,1770422641675,2057.88
0.36,0.62,0.38,0.64,1770422641692,2057.88
0.37,0.62,0.38,0.64,1770422641746,2057.88
0.37,0.62,0.38,0.63,1770422641747,2057.88
0.37,0.61,0.38,0.63,1770422643230,2057.53
0.37,0.61,0.39,0.63,1770422643231,2057.53
0.38,0.61,0.39,0.63,1770422643256,2057.79
0.38,0.61,0.39,0.62,1770422643257,2057.79
0.38,0.6,0.39,0.62,1770422644942,2058.07
0.38,0.6,0.4,0.62,1770422644943,2058.07
0.39,0.6,0.4,0.62,1770422645005,2058.07
0.39,0.6,0.4,0.61,1770422645006,2058.07
0.38,0.6,0.4,0.61,1770422651471,2058.47
0.38,0.6,0.4,0.62,1770422651472,2058.47
0.38,0.61,0.4,0.62,1770422652097,2058.47
0.38,0.61,0.39,0.62,1770422652100,2058.47
0.37,0.61,0.39,0.62,1770422656044,2057.79
0.37,0.61,0.39,0.63,1770422656070,2057.79
0.38,0.61,0.39,0.63,1770422656885,2057.86
0.38,0.61,0.39,0.62,1770422656886,2057.86
0.39,0.61,0.41,0.62,1770422675766,2058.64
0.39,0.59,0.41,0.61,1770422675767,2058.64
0.4,0.59,0.41,0.61,1770422675823,2058.64
0.4,0.59,0.41,0.6,1770422675829,2058.64
0.39,0.59,0.41,0.6,1770422686628,2059.65
0.39,0.59,0.41,0.61,1770422686629,2059.65
0.4,0.59,0.41,0.61,1770422686653,2059.65
0.4,0.59,0.41,0.6,1770422686656,2059.65
0.39,0.59,0.41,0.6,1770422686679,2059.65
0.39,0.59,0.41,0.61,1770422686682,2059.65
0.4,0.59,0.41,0.61,1770422686715,2059.65
0.4,0.59,0.41,0.6,1770422686719,2059.65
0.39,0.59,0.41,0.6,1770422686739,2059.65
0.39,0.59,0.41,0.61,1770422686740,2059.65
0.39,0.6,0.41,0.61,1770422687058,2059.65
0.39,0.6,0.4,0.61,1770422687070,2059.65
0.39,0.59,0.4,0.61,1770422687080,2059.65
0.39,0.59,0.41,0.61,1770422687082,2059.65
0.39,0.6,0.41,0.61,1770422687220,2059.65
0.39,0.6,0.4,0.61,1770422687221,2059.65
0.39,0.59,0.4,0.61,1770422687253,2058.82
0.39,0.59,0.41,0.61,1770422687254,2058.82
0.4,0.59,0.41,0.61,1770422687287,2058.82
0.4,0.59,0.41,0.6,1770422687359,2058.82
0.39,0.59,0.41,0.6,1770422687546,2058.82
0.39,0.59,0.41,0.61,1770422687551,2058.82
0.39,0.6,0.41,0.61,1770422687573,2058.82
0.39,0.6,0.4,0.61,1770422687585,2058.82
0.38,0.6,0.4,0.61,1770422691141,2058.55
0.38,0.6,0.4,0.62,1770422691145,2058.55
0.39,0.6,0.4,0.62,1770422691209,2058.55
0.39,0.6,0.4,0.61,1770422691225,2058.55
0.38,0.6,0.4,0.61,1770422693861,2058.11
0.38,0.61,0.4,0.62,1770422693875,2058.11
0.38,0.61,0.39,0.62,1770422693887,2058.11
0.37,0.61,0.39,0.62,1770422695038,2057.73
0.37,0.61,0.39,0.63,1770422695039,2057.73
0.37,0.62,0.39,0.63,1770422695086,2057.73
0.37,0.62,0.38,0.63,1770422695087,2057.73
0.36,0.62,0.38,0.63,1770422695605,2057.23
0.36,0.62,0.38,0.64,1770422695631,2057.23
0.36,0.63,0.38,0.64,1770422696467,2057.24
0.36,0.63,0.37,0.64,1770422696471,2057.24
0.35,0.63,0.37,0.64,1770422700797,2056.92
0.35,0.64,0.37,0.65,1770422700798,2056.92
0.35,0.64,0.36,0.65,1770422700827,2056.92
0.34,0.64,0.36,0.65,1770422701884,2056.63
0.34,0.64,0.36,0.66,1770422701885,2056.63
0.35,0.64,0.36,0.66,1770422701943,2056.63
0.35,0.64,0.36,0.65,1770422701960,2056.63
0.35,0.63,0.36,0.65,1770422702821,2056.4
0.35,0.63,0.37,0.65,1770422702823,2056.4
0.35,0.62,0.37,0.65,1770422702833,2056.4
0.35,0.62,0.38,0.65,1770422702835,2056.4
0.36,0.62,0.38,0.65,1770422702850,2056.4
0.36,0.62,0.38,0.64,1770422702851,2056.4
0.36,0.63,0.38,0.64,1770422702869,2056.4
0.36,0.63,0.37,0.64,1770422702870,2056.4
0.35,0.63,0.37,0.64,1770422703558,2057.21
0.35,0.63,0.37,0.65,1770422703559,2057.21
0.35,0.64,0.37,0.65,1770422704164,2057.21
0.35,0.64,0.36,0.65,1770422704165,2057.21
0.34,0.64,0.36,0.65,1770422718052,2056.76
0.34,0.64,0.36,0.66,1770422718053,2056.76
0.34,0.65,0.36,0.66,1770422718057,2056.76
0.34,0.65,0.35,0.66,1770422718067,2056.76
0.33,0.65,0.35,0.66,1770422719593,2056.07
0.33,0.65,0.35,0.67,1770422719594,2056.07
0.33,0.66,0.35,0.67,1770422719630,2056.07
0.33,0.66,0.34,0.67,1770422719631,2056.07
0.32,0.66,0.34,0.67,1770422719705,2056.07
0.32,0.66,0.34,0.68,1770422719706,2056.07
0.32,0.67,0.34,0.68,1770422719735,2056.07
0.32,0.67,0.33,0.68,1770422719736,2056.07
0.31,0.67,0.33,0.68,1770422720229,2056.07
0.31,0.67,0.33,0.69,1770422720230,2056.07
0.31,0.68,0.33,0.69,1770422720265,2056.07
0.31,0.68,0.32,0.69,1770422720279,2054.97
0.31,0.68,0.32,0.7,1770422720803,2054.97
0.3,0.68,0.32,0.7,1770422720804,2054.97
0.3,0.69,0.32,0.7,1770422720916,2054.97
0.3,0.69,0.31,0.7,1770422720917,2054.97
0.3,0.68,0.31,0.7,1770422721456,2055.13
0.3,0.68,0.32,0.7,1770422721457,2055.13
0.31,0.68,0.32,0.7,1770422721494,2055.13
0.31,0.68,0.32,0.69,1770422721496,2055.13
0.31,0.67,0.32,0.69,1770422721787,2055.13
0.31,0.67,0.33,0.69,1770422721810,2055.13
0.32,0.67,0.33,0.69,1770422721823,2055.13
0.32,0.67,0.33,0.68,1770422721834,2055.13
0.31,0.67,0.33,0.68,1770422722407,2055.59
0.31,0.67,0.33,0.69,1770422722408,2055.59
0.31,0.68,0.33,0.69,1770422722869,2055.59
0.31,0.68,0.32,0.69,1770422722870,2055.59
0.31,0.67,0.32,0.69,1770422725037,2055.7
0.31,0.67,0.33,0.69,1770422725065,2055.7
0.32,0.67,0.33,0.69,1770422725067,2055.7
0.32,0.67,0.33,0.68,1770422725068,2055.7
0.31,0.67,0.33,0.68,1770422728184,2055.8
0.31,0.67,0.33,0.69,1770422728185,2055.8
0.31,0.68,0.33,0.69,1770422728650,2055.8
0.31,0.68,0.32,0.69,1770422728652,2055.8
0.31,0.67,0.32,0.69,1770422728679,2055.8
0.31,0.67,0.33,0.69,1770422728693,2055.8
0.32,0.67,0.33,0.69,1770422728709,2055.8
0.32,0.67,0.33,0.68,1770422728710,2055.8
0.31,0.67,0.33,0.68,1770422728775,2055.8
0.31,0.67,0.33,0.69,1770422728776,2055.8
0.32,0.67,0.33,0.69,1770422729402,2055.69
0.32,0.67,0.33,0.68,1770422729411,2055.69
0.31,0.67,0.33,0.68,1770422732103,2055.7
0.31,0.67,0.33,0.69,1770422732105,2055.7
0.31,0.68,0.33,0.69,1770422732633,2055.61
0.31,0.68,0.32,0.69,1770422732658,2055.61
0.3,0.68,0.32,0.69,1770422733709,2055.4
0.3,0.68,0.32,0.7,1770422733710,2055.4
0.3,0.69,0.32,0.7,1770422733776,2055.4
0.3,0.69,0.31,0.7,1770422733787,2055.4
0.29,0.69,0.31,0.7,1770422734217,2055.4
0.29,0.69,0.31,0.71,1770422734218,2055.4
0.29,0.7,0.31,0.71,1770422734251,2055.4
0.29,0.7,0.3,0.71,1770422734261,2054.77
0.3,0.7,0.31,0.71,1770422734818,2054.77
0.3,0.69,0.31,0.7,1770422734819,2054.77
0.29,0.69,0.31,0.7,1770422734936,2054.77
0.29,0.69,0.31,0.71,1770422734946,2054.77
0.29,0.7,0.31,0.71,1770422734971,2054.77
0.29,0.7,0.3,0.71,1770422734978,2054.77
0.29,0.69,0.3,0.71,1770422735477,2054.57
0.29,0.7,0.31,0.71,1770422735478,2054.57
0.29,0.7,0.3,0.71,1770422735484,2054.57
0.29,0.69,0.3,0.71,1770422735517,2054.57
0.29,0.69,0.31,0.71,1770422735519,2054.57
0.29,0.7,0.31,0.71,1770422735543,2054.57
0.29,0.7,0.3,0.71,1770422735544,2054.57
0.29,0.69,0.3,0.71,1770422735575,2054.57
0.29,0.69,0.31,0.71,1770422735578,2054.57
0.3,0.69,0.31,0.71,1770422735580,2054.57
0.3,0.69,0.31,0.7,1770422735581,2054.57
0.29,0.69,0.31,0.7,1770422735899,2054.57
0.29,0.69,0.31,0.71,1770422735900,2054.57
0.29,0.7,0.31,0.71,1770422736010,2054.57
0.29,0.7,0.3,0.71,1770422736011,2054.57
0.29,0.69,0.3,0.71,1770422736075,2054.57
0.3,0.69,0.31,0.7,1770422736096,2054.57
0.29,0.69,0.31,0.7,1770422736101,2054.57
0.3,0.69,0.31,0.71,1770422736102,2054.57
0.3,0.69,0.31,0.7,1770422736111,2054.57
0.29,0.69,0.31,0.7,1770422736139,2054.57
0.29,0.69,0.31,0.71,1770422736143,2054.57
0.3,0.69,0.31,0.71,1770422738179,2054.68
0.3,0.69,0.31,0.7,1770422738200,2054.68
0.29,0.69,0.31,0.7,1770422741249,2054.91
0.29,0.69,0.31,0.71,1770422741275,2054.91
0.29,0.7,0.31,0.71,1770422741350,2054.91
0.29,0.7,0.3,0.71,1770422741351,2054.91
0.29,0.69,0.3,0.71,1770422742478,2054.52
0.29,0.69,0.31,0.71,1770422742479,2054.52
0.29,0.7,0.31,0.71,1770422742504,2054.52
0.29,0.7,0.3,0.71,1770422742506,2054.52
0.29,0.69,0.3,0.71,1770422742547,2054.52
0.29,0.69,0.31,0.71,1770422742549,2054.52
0.3,0.69,0.31,0.71,1770422742669,2054.52
0.3,0.69,0.31,0.7,1770422742694,2054.52
0.3,0.68,0.31,0.7,1770422745803,2055.15
0.3,0.68,0.32,0.7,1770422745804,2055.15
0.31,0.68,0.32,0.7,1770422745839,2055.15
0.31,0.68,0.32,0.69,1770422745840,2055.15
0.31,0.67,0.32,0.69,1770422750914,2055.4
0.31,0.67,0.33,0.69,1770422750919,2055.4
0.32,0.67,0.33,0.69,1770422750957,2055.4
0.32,0.67,0.33,0.68,1770422750961,2055.4
0.31,0.67,0.33,0.68,1770422751239,2055.4
0.31,0.67,0.33,0.69,1770422751253,2055.4
0.31,0.68,0.33,0.69,1770422753425,2055.47
0.31,0.68,0.32,0.69,1770422753446,2055.47
0.3,0.68,0.32,0.69,1770422753949,2055.47
0.3,0.68,0.32,0.7,1770422753963,2055.47
0.3,0.69,0.32,0.7,1770422753984,2055.47
0.3,0.69,0.31,0.7,1770422754095,2055.47
0.29,0.69,0.31,0.7,1770422754410,2055.24
0.29,0.69,0.31,0.71,1770422754456,2055.24
0.29,0.7,0.31,0.71,1770422755719,2054.8
0.29,0.7,0.3,0.71,1770422755720,2054.8
0.28,0.7,0.3,0.71,1770422760361,2054.17
0.28,0.7,0.3,0.72,1770422760368,2054.17
0.28,0.71,0.3,0.72,1770422760395,2054.17
0.28,0.71,0.29,0.72,1770422760399,2054.17
0.28,0.7,0.29,0.72,1770422762334,2054.11
0.28,0.7,0.3,0.72,1770422762335,2054.11
0.29,0.7,0.3,0.72,1770422762346,2054.11
0.29,0.7,0.3,0.71,1770422762355,2054.11
0.28,0.7,0.3,0.71,1770422763045,2054.11
0.28,0.7,0.3,0.72,1770422763072,2054.11
0.29,0.7,0.3,0.72,1770422763488,2054.53
0.29,0.7,0.3,0.71,1770422763500,2054.53
0.29,0.69,0.3,0.71,1770422769129,2055.0
0.29,0.69,0.31,0.71,1770422769150,2055.0
0.3,0.69,0.31,0.71,1770422769171,2055.0
0.3,0.69,0.31,0.7,1770422769175,2055.0
0.29,0.69,0.31,0.7,1770422772300,2055.21
0.29,0.69,0.31,0.71,1770422772301,2055.21
0.29,0.7,0.31,0.71,1770422772480,2055.21
0.29,0.7,0.3,0.71,1770422772483,2055.21
0.3,0.7,0.31,0.71,1770422773055,2055.21
0.3,0.69,0.31,0.7,1770422773078,2055.21
0.3,0.68,0.31,0.7,1770422773517,2055.08
0.3,0.68,0.32,0.7,1770422773521,2055.08
0.31,0.68,0.32,0.7,1770422773629,2055.08
0.31,0.68,0.32,0.69,1770422773631,2055.08
0.3,0.68,0.32,0.69,1770422773741,2055.08
0.3,0.68,0.32,0.7,1770422773742,2055.08
0.31,0.68,0.32,0.7,1770422773772,2055.08
0.31,0.68,0.32,0.69,1770422773784,2055.08
0.3,0.68,0.32,0.69,1770422773903,2055.08
0.3,0.68,0.32,0.7,1770422773932,2055.08
0.31,0.68,0.32,0.69,1770422773933,2055.08
0.3,0.68,0.32,0.69,1770422774037,2055.08
0.3,0.68,0.32,0.7,1770422774038,2055.08
0.3,0.69,0.32,0.7,1770422774528,2055.47
0.3,0.69,0.31,0.7,1770422774529,2055.47
0.29,0.69,0.31,0.7,1770422774998,2055.47
0.29,0.69,0.31,0.71,1770422775000,2055.47
0.29,0.7,0.31,0.71,1770422776492,2055.04
0.29,0.7,0.3,0.71,1770422776493,2055.04
0.28,0.7,0.3,0.71,1770422776619,2055.04
0.28,0.7,0.3,0.72,1770422776620,2055.04
0.28,0.71,0.3,0.72,1770422776658,2055.04
0.28,0.71,0.29,0.72,1770422776667,2055.04
0.29,0.71,0.3,0.72,1770422781631,2054.63
0.29,0.7,0.3,0.71,1770422781643,2054.63
0.28,0.7,0.3,0.71,1770422781687,2054.63
0.28,0.7,0.3,0.72,1770422781697,2054.63
0.28,0.71,0.3,0.72,1770422782282,2054.58
0.28,0.71,0.29,0.72,1770422782307,2054.58
0.28,0.7,0.29,0.72,1770422782350,2054.58
0.28,0.7,0.3,0.72,1770422782421,2054.58
0.28,0.71,0.3,0.72,1770422782783,2054.58
0.28,0.71,0.29,0.72,1770422782796,2054.58
0.28,0.7,0.29,0.72,1770422783014,2054.58
0.28,0.7,0.3,0.72,1770422783042,2054.58
0.28,0.71,0.3,0.72,1770422783046,2054.58
0.28,0.71,0.29,0.72,1770422783047,2054.58
0.28,0.71,0.29,0.73,1770422786495,2053.63
0.27,0.72,0.29,0.73,1770422786503,2053.63
0.27,0.72,0.28,0.73,1770422786509,2053.63
0.27,0.71,0.28,0.73,1770422788150,2053.73
0.27,0.71,0.29,0.73,1770422788158,2053.73
0.28,0.71,0.29,0.73,1770422788162,2053.73
0.28,0.71,0.29,0.72,1770422788166,2053.73
0.27,0.71,0.29,0.72,1770422788284,2053.89
0.27,0.71,0.29,0.73,1770422788289,2053.89
0.28,0.71,0.29,0.73,1770422788333,2053.89
0.28,0.71,0.29,0.72,1770422788356,2053.89
0.27,0.71,0.29,0.72,1770422788504,2053.89
0.27,0.71,0.29,0.73,1770422788525,2053.89
0.28,0.71,0.29,0.73,1770422789807,2054.09
0.28,0.71,0.29,0.72,1770422789811,2054.09
0.28,0.7,0.29,0.72,1770422791427,2054.57
0.28,0.7,0.3,0.72,1770422791451,2054.57
0.29,0.7,0.3,0.72,1770422791474,2054.57
0.29,0.7,0.3,0.71,1770422791476,2054.57
0.28,0.7,0.3,0.71,1770422792004,2054.57
0.28,0.7,0.3,0.72,1770422792005,2054.57
0.28,0.71,0.3,0.72,1770422792066,2054.57
0.28,0.71,0.29,0.72,1770422792067,2054.57
0.27,0.71,0.29,0.72,1770422792180,2054.57
0.27,0.71,0.29,0.73,1770422792185,2054.57
0.27,0.72,0.29,0.73,1770422792220,2054.57
0.28,0.72,0.29,0.73,1770422792222,2054.57
0.28,0.71,0.29,0.72,1770422792223,2054.57
0.27,0.71,0.29,0.72,1770422793165,2054.0
0.27,0.71,0.29,0.73,1770422793177,2054.0
0.27,0.72,0.29,0.73,1770422793245,2054.0
0.27,0.72,0.28,0.73,1770422793275,2053.81
0.27,0.71,0.28,0.73,1770422793367,2053.81
0.27,0.71,0.29,0.73,1770422793371,2053.81
0.28,0.71,0.29,0.73,1770422793405,2053.81
0.28,0.71,0.29,0.72,1770422793416,2053.81
0.27,0.71,0.29,0.72,1770422793512,2053.81
0.27,0.71,0.29,0.73,1770422793513,2053.81
0.27,0.72,0.29,0.73,1770422794284,2054.24
0.27,0.72,0.28,0.73,1770422794290,2054.24
0.26,0.72,0.28,0.73,1770422794377,2054.24
0.26,0.72,0.28,0.74,1770422794378,2054.24
0.26,0.73,0.28,0.74,1770422794782,2054.24
0.26,0.73,0.27,0.74,1770422794802,2054.24
0.25,0.73,0.27,0.74,1770422799408,2053.0
0.25,0.73,0.27,0.75,1770422799416,2053.0
0.26,0.73,0.27,0.75,1770422799448,2053.0
0.26,0.73,0.27,0.74,1770422799453,2053.0
0.25,0.73,0.27,0.74,1770422799543,2053.0
0.25,0.73,0.27,0.75,1770422799544,2053.0
0.26,0.73,0.27,0.75,1770422800396,2053.16
0.26,0.73,0.27,0.74,1770422800397,2053.16
0.25,0.73,0.27,0.74,1770422801487,2052.63
0.25,0.73,0.27,0.75,1770422801488,2052.63
0.25,0.74,0.27,0.75,1770422801529,2052.63
0.25,0.74,0.26,0.75,1770422801532,2052.63
0.25,0.73,0.26,0.75,1770422802809,2052.4
0.25,0.73,0.27,0.75,1770422802813,2052.4
0.26,0.73,0.27,0.75,1770422802869,2052.4
0.26,0.73,0.27,0.74,1770422802870,2052.4
0.24,0.73,0.27,0.74,1770422804376,2052.02
0.24,0.73,0.27,0.76,1770422804398,2052.02
0.24,0.74,0.27,0.76,1770422804415,2052.02
0.24,0.74,0.26,0.76,1770422804434,2052.02
0.25,0.74,0.26,0.76,1770422804488,2052.02
0.25,0.74,0.26,0.75,1770422804493,2052.02
0.25,0.73,0.26,0.75,1770422804539,2052.02
0.25,0.73,0.27,0.75,1770422804545,2052.02
0.26,0.73,0.27,0.75,1770422804726,2052.02
0.26,0.73,0.27,0.74,1770422804740,2052.02
0.26,0.71,0.27,0.74,1770422805727,2053.5
0.26,0.71,0.29,0.74,1770422805728,2053.5
0.27,0.71,0.29,0.74,1770422805745,2053.5
0.27,0.71,0.29,0.73,1770422805746,2053.5
0.28,0.71,0.29,0.73,1770422805765,2053.5
0.28,0.71,0.29,0.72,1770422805766,2053.5
0.27,0.71,0.29,0.72,1770422806053,2053.5
0.27,0.71,0.29,0.73,1770422806055,2053.5
0.28,0.71,0.29,0.73,1770422806071,2053.5
0.28,0.71,0.29,0.72,1770422806072,2053.5
0.27,0.71,0.29,0.72,1770422806097,2053.5
0.27,0.71,0.29,0.73,1770422806101,2053.5
0.26,0.72,0.28,0.73,1770422806109,2053.5
0.26,0.72,0.28,0.74,1770422806111,2053.5
0.26,0.71,0.28,0.74,1770422806136,2053.5
0.26,0.71,0.29,0.74,1770422806137,2053.5
0.27,0.71,0.29,0.74,1770422806177,2053.5
0.27,0.71,0.29,0.73,1770422806178,2053.5
0.27,0.7,0.29,0.73,1770422806274,2054.06
0.27,0.7,0.3,0.73,1770422806275,2054.06
0.28,0.7,0.3,0.73,1770422806311,2054.06
0.28,0.7,0.3,0.72,1770422806313,2054.06
0.28,0.7,0.31,0.72,1770422806320,2054.06
0.28,0.69,0.31,0.72,1770422806324,2054.06
0.28,0.7,0.31,0.72,1770422806362,2054.06
0.28,0.7,0.3,0.72,1770422806363,2054.06
0.28,0.71,0.3,0.72,1770422806455,2054.06
0.28,0.71,0.29,0.72,1770422806457,2054.06
0.27,0.71,0.29,0.72,1770422806524,2054.06
0.27,0.71,0.29,0.73,1770422806526,2054.06
0.27,0.72,0.29,0.73,1770422806573,2054.06
0.27,0.72,0.28,0.73,1770422806574,2054.06
0.27,0.71,0.28,0.73,1770422806615,2054.06
0.27,0.71,0.29,0.73,1770422806616,2054.06
0.28,0.71,0.29,0.73,1770422806639,2054.06
0.28,0.71,0.29,0.72,1770422806641,2054.06
0.28,0.71,0.3,0.72,1770422806654,2054.06
0.28,0.7,0.3,0.72,1770422806665,2054.06
0.29,0.7,0.3,0.72,1770422806805,2054.06
0.29,0.7,0.3,0.71,1770422806806,2054.06
0.28,0.7,0.3,0.71,1770422806836,2054.06
0.28,0.7,0.31,0.72,1770422806847,2054.06
0.28,0.69,0.31,0.72,1770422806849,2054.06
0.28,0.7,0.31,0.72,1770422806868,2054.06
0.28,0.7,0.3,0.72,1770422806878,2054.06
0.29,0.7,0.3,0.72,1770422806967,2054.06
0.29,0.7,0.3,0.71,1770422806968,2054.06
0.28,0.7,0.3,0.71,1770422807027,2054.06
0.28,0.7,0.3,0.72,1770422807038,2054.06
0.29,0.7,0.3,0.72,1770422807190,2054.06
0.29,0.7,0.3,0.71,1770422807191,2054.06
0.29,0.69,0.3,0.71,1770422807307,2055.07
0.29,0.69,0.31,0.71,1770422807308,2055.07
0.3,0.69,0.31,0.71,1770422807350,2055.07
0.3,0.69,0.31,0.7,1770422807355,2055.07
0.29,0.69,0.31,0.7,1770422807396,2055.07
0.29,0.69,0.31,0.71,1770422807397,2055.07
0.29,0.7,0.31,0.71,1770422807423,2055.07
0.29,0.7,0.3,0.71,1770422807428,2055.07
0.29,0.69,0.3,0.71,1770422807572,2055.07
0.29,0.69,0.31,0.71,1770422807580,2055.07
0.29,0.7,0.31,0.71,1770422807637,2055.07
0.29,0.7,0.3,0.71,1770422807638,2055.07
0.28,0.7,0.3,0.71,1770422807776,2055.07
0.28,0.7,0.3,0.72,1770422807787,2055.07
0.29,0.7,0.3,0.72,1770422808038,2055.07
0.29,0.7,0.3,0.71,1770422808053,2055.07
0.28,0.7,0.3,0.71,1770422808291,2054.79
0.28,0.7,0.3,0.72,1770422808292,2054.79
0.28,0.71,0.3,0.72,1770422808309,2054.79
0.28,0.71,0.29,0.72,1770422808310,2054.79
0.27,0.71,0.29,0.72,1770422808493,2054.79
0.27,0.71,0.29,0.73,1770422808494,2054.79
0.27,0.72,0.29,0.73,1770422808522,2054.79
0.27,0.72,0.28,0.73,1770422808525,2054.79
0.26,0.72,0.28,0.73,1770422808589,2054.79
0.26,0.72,0.28,0.74,1770422808593,2054.79
0.26,0.73,0.28,0.74,1770422808677,2054.79
0.26,0.73,0.27,0.74,1770422808708,2054.79
0.26,0.72,0.27,0.74,1770422808943,2054.79
0.26,0.72,0.28,0.74,1770422808955,2054.79
0.26,0.73,0.28,0.74,1770422809123,2054.79
0.26,0.73,0.27,0.74,1770422809132,2054.79
0.25,0.73,0.27,0.74,1770422809859,2053.3
0.25,0.73,0.27,0.75,1770422809869,2053.3
0.25,0.74,0.27,0.75,1770422811406,2052.95
0.25,0.74,0.26,0.75,1770422811407,2052.95
0.24,0.74,0.26,0.75,1770422811425,2052.95
0.24,0.74,0.26,0.76,1770422811428,2052.95
0.25,0.74,0.26,0.76,1770422812007,2052.95
0.25,0.74,0.26,0.75,1770422812008,2052.95
0.25,0.73,0.26,0.75,1770422814069,2052.94
0.25,0.73,0.27,0.75,1770422814070,2052.94
0.26,0.73,0.27,0.75,1770422814169,2052.94
0.26,0.73,0.27,0.74,1770422814170,2052.94
0.26,0.72,0.27,0.74,1770422816275,2053.86
0.27,0.72,0.28,0.74,1770422816293,2053.86
0.27,0.72,0.28,0.73,1770422816294,2053.86
0.26,0.72,0.28,0.73,1770422817586,2053.8
0.26,0.72,0.28,0.74,1770422817587,2053.8
0.26,0.73,0.28,0.74,1770422817601,2053.8
0.26,0.73,0.27,0.74,1770422817610,2053.8
0.25,0.73,0.27,0.74,1770422817928,2053.8
0.25,0.73,0.27,0.75,1770422817929,2053.8
0.25,0.74,0.27,0.75,1770422817994,2053.8
0.25,0.74,0.26,0.75,1770422817995,2053.8
0.25,0.73,0.26,0.75,1770422818148,2053.8
0.25,0.73,0.27,0.75,1770422818161,2053.8
0.25,0.74,0.27,0.75,1770422819406,2052.99
0.25,0.74,0.26,0.75,1770422819407,2052.99
0.25,0.73,0.26,0.75,1770422820439,2052.72
0.25,0.73,0.27,0.75,1770422820444,2052.72
0.26,0.73,0.27,0.75,1770422820466,2052.72
0.26,0.73,0.27,0.74,1770422820467,2052.72
0.26,0.72,0.27,0.74,1770422820517,2052.72
0.26,0.72,0.28,0.74,1770422820518,2052.72
0.26,0.73,0.28,0.74,1770422820525,2052.72
0.26,0.73,0.27,0.74,1770422820526,2052.72
0.25,0.73,0.27,0.74,1770422820634,2052.72
0.25,0.73,0.27,0.75,1770422820635,2052.72
0.26,0.73,0.27,0.75,1770422820687,2052.72
0.26,0.73,0.27,0.74,1770422820695,2052.72
0.25,0.73,0.27,0.74,1770422821052,2052.72
0.25,0.73,0.27,0.75,1770422821073,2052.72
0.26,0.73,0.27,0.75,1770422821159,2052.72
0.26,0.73,0.27,0.74,1770422821160,2052.72
0.25,0.73,0.27,0.74,1770422821326,2053.11
0.25,0.73,0.27,0.75,1770422821329,2053.11
0.26,0.73,0.27,0.75,1770422821816,2053.11
0.26,0.73,0.27,0.74,1770422821817,2053.11
0.26,0.72,0.27,0.74,1770422821950,2053.11
0.26,0.72,0.28,0.74,1770422821951,2053.11
0.27,0.72,0.28,0.74,1770422821976,2053.11
0.27,0.72,0.28,0.73,1770422821980,2053.11
0.27,0.7,0.28,0.73,1770422822870,2054.17
0.27,0.7,0.3,0.73,1770422822892,2054.17
0.28,0.7,0.3,0.73,1770422822894,2054.17
0.28,0.7,0.3,0.72,1770422822895,2054.17
0.29,0.7,0.3,0.72,1770422822923,2054.17
0.29,0.7,0.3,0.71,1770422822924,2054.17
0.28,0.7,0.3,0.71,1770422823823,2054.89
0.28,0.7,0.3,0.72,1770422823829,2054.89
0.28,0.71,0.3,0.72,1770422823859,2054.89
0.28,0.71,0.29,0.72,1770422823862,2054.89
0.28,0.7,0.29,0.72,1770422823951,2054.89
0.28,0.7,0.3,0.72,1770422823975,2054.89
0.29,0.7,0.3,0.72,1770422824345,2054.65
0.29,0.7,0.3,0.71,1770422824364,2054.65
0.29,0.69,0.3,0.71,1770422824745,2054.65
0.29,0.69,0.31,0.71,1770422824746,2054.65
0.29,0.7,0.31,0.71,1770422824811,2054.65
0.29,0.7,0.3,0.71,1770422824813,2054.65
0.29,0.69,0.3,0.71,1770422825032,2054.65
0.29,0.69,0.31,0.71,1770422825033,2054.65
0.3,0.69,0.31,0.71,1770422825069,2054.65
0.3,0.69,0.31,0.7,1770422825072,2054.65
0.29,0.69,0.31,0.7,1770422826278,2055.54
0.29,0.69,0.31,0.71,1770422826293,2055.54
0.29,0.7,0.31,0.71,1770422826306,2055.54
0.29,0.7,0.3,0.71,1770422826307,2055.54
0.29,0.69,0.3,0.71,1770422827352,2055.11
0.29,0.7,0.31,0.71,1770422827366,2055.11
0.29,0.7,0.3,0.71,1770422827367,2055.11
0.29,0.69,0.3,0.71,1770422827394,2055.11
0.29,0.69,0.31,0.71,1770422827395,2055.11
0.3,0.69,0.31,0.71,1770422827431,2055.11
0.3,0.69,0.31,0.7,1770422827433,2055.11
0.29,0.69,0.31,0.7,1770422827468,2055.11
0.29,0.69,0.31,0.71,1770422827471,2055.11
0.29,0.7,0.31,0.71,1770422827492,2055.11
0.29,0.7,0.3,0.71,1770422827502,2055.11
0.29,0.69,0.3,0.71,1770422828164,2055.11
0.29,0.69,0.31,0.71,1770422828166,2055.11
0.3,0.69,0.31,0.71,1770422828219,2055.11
0.3,0.69,0.31,0.7,1770422828220,2055.11
0.3,0.69,0.32,0.7,1770422828674,2055.32
0.3,0.68,0.32,0.7,1770422828675,2055.32
0.31,0.68,0.32,0.7,1770422828712,2055.32
0.31,0.68,0.32,0.69,1770422828713,2055.32
0.31,0.68,0.33,0.69,1770422830957,2056.15
0.31,0.67,0.33,0.69,1770422830967,2056.15
0.32,0.67,0.33,0.69,1770422830995,2056.15
0.32,0.67,0.33,0.68,1770422831001,2056.15
0.32,0.66,0.33,0.68,1770422832398,2057.11
0.32,0.66,0.34,0.68,1770422832399,2057.11
0.33,0.66,0.34,0.68,1770422832434,2057.11
0.33,0.66,0.34,0.67,1770422832447,2057.11
0.33,0.65,0.34,0.67,1770422832821,2057.11
0.33,0.65,0.35,0.67,1770422832822,2057.11
0.34,0.65,0.35,0.67,1770422832925,2057.11
0.34,0.65,0.35,0.66,1770422832943,2057.11
0.34,0.64,0.35,0.66,1770422834385,2057.92
0.34,0.64,0.36,0.66,1770422834404,2057.92
0.35,0.64,0.36,0.66,1770422834433,2057.92
0.35,0.64,0.36,0.65,1770422834434,2057.92
0.35,0.65,0.36,0.66,1770422834964,2057.92
0.34,0.65,0.35,0.66,1770422834986,2057.92
0.33,0.65,0.35,0.66,1770422835974,2057.68
0.33,0.65,0.35,0.67,1770422835979,2057.68
0.33,0.66,0.35,0.67,1770422836002,2057.68
0.33,0.66,0.34,0.67,1770422836005,2057.68
0.32,0.66,0.34,0.67,1770422836221,2057.68
0.32,0.66,0.34,0.68,1770422836233,2057.68
0.32,0.67,0.34,0.68,1770422836240,2057.68
0.32,0.67,0.33,0.68,1770422836244,2057.68
0.32,0.66,0.33,0.68,1770422837067,2056.95
0.32,0.66,0.34,0.68,1770422837068,2056.95
0.33,0.66,0.34,0.68,1770422837108,2056.95
0.33,0.66,0.34,0.67,1770422837117,2056.95
0.32,0.66,0.34,0.67,1770422837251,2056.81
0.32,0.66,0.34,0.68,1770422837261,2056.81
0.32,0.67,0.34,0.68,1770422837277,2056.81
0.32,0.67,0.33,0.68,1770422837283,2056.81
0.32,0.66,0.33,0.68,1770422837311,2056.81
0.32,0.66,0.34,0.68,1770422837321,2056.81
0.33,0.66,0.34,0.68,1770422837485,2056.81
0.33,0.66,0.34,0.67,1770422837502,2056.81
0.32,0.66,0.34,0.67,1770422837621,2056.81
0.32,0.66,0.34,0.68,1770422837632,2056.81
0.33,0.66,0.34,0.68,1770422837642,2056.81
0.33,0.66,0.34,0.67,1770422837651,2056.81
0.33,0.66,0.35,0.67,1770422837953,2056.81
0.33,0.65,0.35,0.67,1770422837954,2056.81
0.34,0.65,0.35,0.67,1770422837979,2056.81
0.34,0.65,0.35,0.66,1770422837980,2056.81
0.34,0.64,0.35,0.66,1770422841317,2057.52
0.34,0.64,0.36,0.66,1770422841318,2057.52
0.35,0.64,0.36,0.66,1770422841322,2057.52
0.35,0.64,0.36,0.65,1770422841324,2057.52
0.34,0.64,0.36,0.65,1770422844191,2058.08
0.34,0.64,0.36,0.66,1770422844192,2058.08
0.34,0.65,0.36,0.66,1770422844238,2058.08
0.34,0.65,0.35,0.66,1770422844241,2058.08
0.33,0.65,0.35,0.66,1770422846189,2057.39
0.33,0.65,0.35,0.67,1770422846192,2057.39
0.33,0.66,0.35,0.67,1770422846216,2057.39
0.33,0.66,0.34,0.67,1770422846217,2057.39
0.32,0.66,0.34,0.67,1770422849249,2056.44
0.32,0.66,0.34,0.68,1770422849250,2056.44
0.32,0.67,0.34,0.68,1770422849282,2056.44
0.32,0.67,0.33,0.68,1770422849284,2056.44
0.31,0.67,0.33,0.68,1770422855081,2055.81
0.31,0.67,0.33,0.69,1770422855082,2055.81
0.31,0.67,0.32,0.69,1770422855110,2055.81
0.31,0.68,0.32,0.69,1770422855111,2055.81
0.29,0.68,0.32,0.69,1770422857832,2055.27
0.29,0.68,0.32,0.71,1770422857859,2055.27
0.29,0.69,0.32,0.71,1770422857861,2055.27
0.29,0.7,0.31,0.71,1770422857872,2055.27
0.29,0.7,0.3,0.71,1770422857873,2055.27
0.28,0.7,0.3,0.71,1770422863348,2054.47
0.29,0.7,0.3,0.72,1770422863367,2054.47
0.29,0.7,0.3,0.71,1770422863376,2054.47
0.28,0.7,0.3,0.71,1770422863569,2054.47
0.28,0.7,0.3,0.72,1770422863570,2054.47
0.28,0.71,0.3,0.72,1770422863626,2054.47
0.28,0.71,0.29,0.72,1770422863628,2054.47
0.28,0.7,0.29,0.72,1770422863905,2054.47
0.28,0.71,0.3,0.72,1770422863932,2054.47
0.28,0.71,0.29,0.72,1770422863934,2054.47
0.27,0.71,0.29,0.72,1770422864735,2054.2
0.27,0.71,0.29,0.73,1770422864752,2054.2
0.28,0.71,0.29,0.73,1770422864787,2054.2
0.28,0.71,0.29,0.72,1770422864797,2054.2
0.27,0.71,0.29,0.72,1770422864910,2054.2
0.27,0.71,0.29,0.73,1770422864911,2054.2
0.27,0.72,0.29,0.73,1770422864981,2054.2
0.27,0.72,0.28,0.73,1770422864997,2054.2
0.27,0.71,0.28,0.73,1770422865246,2054.2
0.27,0.71,0.29,0.73,1770422865248,2054.2
0.27,0.72,0.29,0.73,1770422865286,2053.58
0.27,0.72,0.28,0.73,1770422865292,2053.58
0.26,0.72,0.28,0.73,1770422866130,2053.58
0.26,0.72,0.28,0.74,1770422866131,2053.58
0.26,0.73,0.28,0.74,1770422866169,2053.58
0.26,0.73,0.27,0.74,1770422866173,2053.58
0.25,0.73,0.27,0.74,1770422867155,2053.58
0.25,0.73,0.27,0.75,1770422867157,2053.58
0.25,0.74,0.27,0.75,1770422867194,2053.58
0.25,0.74,0.26,0.75,1770422867217,2053.58
0.25,0.73,0.26,0.75,1770422868735,2053.0
0.25,0.73,0.27,0.75,1770422868736,2053.0
0.26,0.73,0.27,0.75,1770422868757,2053.0
0.26,0.73,0.27,0.74,1770422868758,2053.0
0.26,0.72,0.27,0.74,1770422868774,2053.0
0.26,0.72,0.28,0.74,1770422868779,2053.0
0.27,0.72,0.28,0.74,1770422868798,2053.0
0.27,0.72,0.28,0.73,1770422868800,2053.0
0.27,0.71,0.28,0.73,1770422870386,2053.96
0.27,0.71,0.29,0.73,1770422870389,2053.96
0.28,0.71,0.29,0.73,1770422870416,2053.96
0.28,0.71,0.29,0.72,1770422870417,2053.96
0.28,0.7,0.29,0.72,1770422874841,2054.29
0.28,0.7,0.3,0.72,1770422874842,2054.29
0.29,0.7,0.3,0.72,1770422874867,2054.29
0.29,0.7,0.3,0.71,1770422874870,2054.29
0.29,0.69,0.31,0.71,1770422874871,2054.29
0.29,0.7,0.31,0.71,1770422874880,2054.29
0.29,0.7,0.3,0.71,1770422874881,2054.29
0.29,0.69,0.3,0.71,1770422875347,2055.05
0.29,0.69,0.31,0.71,1770422875367,2055.05
0.3,0.69,0.31,0.71,1770422875398,2055.05
0.3,0.69,0.31,0.7,1770422875401,2055.05
0.29,0.69,0.31,0.7,1770422875499,2055.05
0.29,0.69,0.31,0.71,1770422875500,2055.05
0.29,0.69,0.31,0.7,1770422875676,2055.05
0.3,0.69,0.31,0.7,1770422875678,2055.05
0.3,0.69,0.31,0.71,1770422875714,2055.05
0.29,0.69,0.31,0.71,1770422875715,2055.05
0.3,0.69,0.31,0.71,1770422875778,2055.05
0.3,0.69,0.31,0.7,1770422875785,2055.05
0.29,0.69,0.31,0.7,1770422875869,2055.05
0.29,0.69,0.31,0.71,1770422875876,2055.05
0.3,0.69,0.31,0.71,1770422876384,2054.93
0.3,0.69,0.31,0.7,1770422876416,2054.93
0.29,0.69,0.31,0.7,1770422876482,2054.93
0.29,0.69,0.31,0.71,1770422876483,2054.93
0.3,0.69,0.31,0.71,1770422877497,2055.39
0.3,0.69,0.31,0.7,1770422877498,2055.39
0.29,0.69,0.31,0.7,1770422877922,2055.39
0.29,0.69,0.31,0.71,1770422877934,2055.39
0.3,0.69,0.31,0.71,1770422879123,2055.28
0.3,0.69,0.31,0.7,1770422879124,2055.28
0.3,0.68,0.31,0.7,1770422879651,2055.39
0.3,0.68,0.32,0.7,1770422879654,2055.39
0.31,0.68,0.32,0.7,1770422879823,2055.39
0.31,0.68,0.32,0.69,1770422879824,2055.39
0.31,0.68,0.32,0.7,1770422880268,2056.01
0.3,0.68,0.32,0.7,1770422880274,2056.01
0.3,0.69,0.32,0.7,1770422880706,2056.01
0.3,0.69,0.31,0.7,1770422880708,2056.01
0.29,0.69,0.31,0.7,1770422881073,2056.01
0.29,0.69,0.31,0.71,1770422881074,2056.01
0.3,0.69,0.31,0.71,1770422881387,2055.26
0.3,0.69,0.31,0.7,1770422881388,2055.26
0.3,0.68,0.31,0.7,1770422881541,2055.26
0.3,0.68,0.32,0.7,1770422881547,2055.26
0.31,0.68,0.32,0.7,1770422881741,2055.26
0.31,0.68,0.32,0.69,1770422881765,2055.26
0.3,0.68,0.32,0.69,1770422881829,2055.26
0.3,0.68,0.32,0.7,1770422881832,2055.26
0.3,0.68,0.32,0.69,1770422881901,2055.26
0.31,0.68,0.32,0.69,1770422881902,2055.26
0.3,0.68,0.32,0.69,1770422882318,2056.0
0.3,0.68,0.32,0.7,1770422882319,2056.0
0.3,0.68,0.32,0.69,1770422882423,2056.0
0.31,0.68,0.32,0.69,1770422882430,2056.0
0.3,0.68,0.32,0.69,1770422883301,2056.01
0.3,0.68,0.32,0.7,1770422883303,2056.01
0.3,0.69,0.32,0.7,1770422883327,2056.01
0.3,0.69,0.31,0.7,1770422883332,2056.01
0.3,0.68,0.31,0.7,1770422883468,2056.01
0.3,0.68,0.32,0.7,1770422883470,2056.01
0.3,0.69,0.32,0.7,1770422883633,2056.01
0.3,0.69,0.31,0.7,1770422883635,2056.01
0.29,0.69,0.31,0.7,1770422883719,2056.01
0.29,0.69,0.31,0.71,1770422883720,2056.01
0.29,0.7,0.31,0.71,1770422883919,2056.01
0.29,0.7,0.3,0.71,1770422883920,2056.01
0.29,0.69,0.3,0.71,1770422884069,2056.01
0.29,0.69,0.31,0.71,1770422884093,2056.01
0.3,0.69,0.31,0.71,1770422885267,2055.09
0.3,0.69,0.31,0.7,1770422885269,2055.09
0.3,0.68,0.31,0.7,1770422885504,2055.09
0.3,0.68,0.32,0.7,1770422885505,2055.09
0.31,0.68,0.32,0.7,1770422885563,2055.09
0.31,0.68,0.32,0.69,1770422885564,2055.09
0.3,0.68,0.32,0.69,1770422885657,2055.09
0.3,0.68,0.32,0.7,1770422885663,2055.09
0.31,0.68,0.32,0.7,1770422885743,2055.09
0.31,0.68,0.32,0.69,1770422885758,2055.09
0.3,0.68,0.32,0.69,1770422885838,2055.09
0.3,0.68,0.32,0.7,1770422885853,2055.09
0.31,0.68,0.32,0.7,1770422885941,2055.09
0.31,0.68,0.32,0.69,1770422885950,2055.09
0.31,0.68,0.32,0.7,1770422887719,2055.68
0.3,0.69,0.31,0.7,1770422887727,2055.68
0.28,0.69,0.31,0.7,1770422887768,2055.68
0.28,0.69,0.31,0.72,1770422887769,2055.68
0.28,0.7,0.31,0.72,1770422887809,2055.68
0.28,0.7,0.3,0.72,1770422887810,2055.68
0.28,0.71,0.3,0.72,1770422887851,2055.68
0.28,0.71,0.29,0.72,1770422887861,2055.68
0.19,0.71,0.29,0.72,1770422888236,2055.68
0.19,0.71,0.29,0.81,1770422888237,2055.68
0.23,0.71,0.29,0.81,1770422888238,2055.68
0.23,0.71,0.29,0.77,1770422888239,2055.68
0.23,0.73,0.29,0.77,1770422888243,2055.68
0.23,0.73,0.27,0.77,1770422888245,2055.68
0.22,0.73,0.27,0.77,1770422888268,2055.68
0.22,0.73,0.27,0.78,1770422888269,2055.68
0.22,0.71,0.27,0.78,1770422888308,2051.16
0.22,0.71,0.29,0.78,1770422888309,2051.16
0.22,0.72,0.28,0.78,1770422888310,2051.16
0.22,0.71,0.28,0.78,1770422888327,2051.16
0.22,0.71,0.29,0.78,1770422888328,2051.16
0.22,0.71,0.29,0.8,1770422888329,2051.16
0.2,0.75,0.25,0.8,1770422888330,2051.16
0.2,0.77,0.23,0.8,1770422888331,2051.16
0.2,0.78,0.23,0.8,1770422888348,2051.16
0.2,0.78,0.22,0.8,1770422888350,2051.16
0.2,0.79,0.22,0.8,1770422888443,2051.16
0.2,0.79,0.21,0.8,1770422888451,2051.16
0.19,0.79,0.21,0.8,1770422888906,2051.16
0.19,0.79,0.21,0.81,1770422888912,2051.16
0.19,0.8,0.21,0.81,1770422888981,2051.16
0.19,0.8,0.2,0.81,1770422889004,2051.16
0.19,0.79,0.2,0.81,1770422889026,2051.16
0.19,0.79,0.21,0.81,1770422889029,2051.16
0.19,0.8,0.21,0.81,1770422889100,2051.16
0.19,0.8,0.2,0.81,1770422889110,2051.16
0.19,0.79,0.2,0.81,1770422889145,2051.16
0.19,0.79,0.21,0.81,1770422889162,2051.16
0.19,0.8,0.21,0.81,1770422889190,2051.16
0.19,0.8,0.2,0.81,1770422889192,2051.16
0.19,0.79,0.2,0.81,1770422889454,2049.4
0.19,0.79,0.21,0.81,1770422889455,2049.4
0.2,0.79,0.21,0.81,1770422889792,2049.4
0.2,0.79,0.21,0.8,1770422889818,2049.4
0.19,0.79,0.21,0.8,1770422890362,2049.65
0.19,0.79,0.21,0.81,1770422890363,2049.65
0.2,0.79,0.21,0.81,1770422890913,2049.65
0.2,0.79,0.21,0.8,1770422890914,2049.65
0.19,0.79,0.21,0.8,1770422891098,2049.65
0.19,0.79,0.21,0.81,1770422891099,2049.65
0.19,0.8,0.21,0.81,1770422891161,2049.65
0.19,0.8,0.2,0.81,1770422891170,2049.65
0.19,0.8,0.2,0.83,1770422891737,2049.78
0.17,0.8,0.2,0.83,1770422891740,2049.78
0.18,0.8,0.2,0.83,1770422891756,2049.78
0.18,0.8,0.2,0.82,1770422891757,2049.78
0.18,0.81,0.2,0.82,1770422891794,2049.78
0.18,0.81,0.19,0.82,1770422891795,2049.78
0.18,0.8,0.19,0.82,1770422891915,2049.78
0.18,0.8,0.2,0.82,1770422891921,2049.78
0.19,0.8,0.2,0.82,1770422891944,2049.78
0.19,0.8,0.2,0.81,1770422891946,2049.78
0.18,0.8,0.2,0.81,1770422891995,2049.78
0.18,0.8,0.2,0.82,1770422891999,2049.78
0.19,0.8,0.2,0.82,1770422892941,2049.34
0.19,0.8,0.2,0.81,1770422892945,2049.34
0.18,0.8,0.2,0.81,1770422892961,2049.34
0.18,0.8,0.2,0.82,1770422892962,2049.34
0.19,0.8,0.2,0.82,1770422893066,2049.34
0.19,0.8,0.2,0.81,1770422893067,2049.34
0.19,0.79,0.2,0.81,1770422893576,2049.2
0.19,0.79,0.21,0.81,1770422893577,2049.2
0.2,0.79,0.21,0.81,1770422893629,2049.2
0.2,0.79,0.21,0.8,1770422893630,2049.2
0.19,0.79,0.21,0.8,1770422894175,2049.2
0.19,0.79,0.21,0.81,1770422894182,2049.2
0.19,0.8,0.21,0.81,1770422894214,2049.2
0.19,0.8,0.2,0.81,1770422894215,2049.2
0.19,0.79,0.2,0.81,1770422894332,2049.49
0.19,0.79,0.21,0.81,1770422894342,2049.49
0.2,0.79,0.21,0.81,1770422894477,2049.49
0.2,0.79,0.21,0.8,1770422894478,2049.49
0.2,0.78,0.21,0.8,1770422894698,2049.49
0.2,0.78,0.22,0.8,1770422894699,2049.49
0.21,0.78,0.22,0.8,1770422894897,2049.49
0.21,0.78,0.22,0.79,1770422894899,2049.49
0.2,0.78,0.22,0.79,1770422895084,2049.49
0.21,0.78,0.22,0.8,1770422895089,2049.49
0.21,0.78,0.22,0.79,1770422895090,2049.49
0.2,0.78,0.22,0.79,1770422895187,2049.49
0.2,0.78,0.22,0.8,1770422895210,2049.49
0.21,0.78,0.22,0.8,1770422895240,2049.49
0.21,0.78,0.22,0.79,1770422895241,2049.49
0.2,0.78,0.22,0.79,1770422895758,2049.79
0.2,0.78,0.22,0.8,1770422895759,2049.79
0.21,0.78,0.22,0.79,1770422895768,2049.79
0.21,0.77,0.22,0.79,1770422899170,2049.9
0.21,0.77,0.23,0.79,1770422899171,2049.9
0.22,0.77,0.23,0.79,1770422899269,2050.44
0.22,0.77,0.23,0.78,1770422899272,2050.44
0.22,0.76,0.23,0.78,1770422899868,2050.44
0.22,0.76,0.24,0.78,1770422899871,2050.44
0.22,0.76,0.24,0.77,1770422899900,2050.44
0.23,0.76,0.24,0.77,1770422899902,2050.44
0.22,0.76,0.24,0.77,1770422900160,2050.44
0.23,0.76,0.24,0.77,1770422900166,2050.44
0.23,0.77,0.24,0.78,1770422900583,2050.98
0.22,0.77,0.23,0.78,1770422900606,2050.98
0.21,0.77,0.23,0.78,1770422902472,2050.85
0.21,0.77,0.23,0.79,1770422902477,2050.85
0.22,0.77,0.23,0.79,1770422902495,2050.85
0.22,0.77,0.23,0.78,1770422902498,2050.85
0.21,0.77,0.23,0.78,1770422902598,2050.85
0.21,0.77,0.23,0.79,1770422902615,2050.85
0.22,0.77,0.23,0.79,1770422902621,2050.85
0.22,0.77,0.23,0.78,1770422902622,2050.85
0.22,0.76,0.23,0.78,1770422903893,2050.85
0.22,0.76,0.24,0.78,1770422903896,2050.85
0.22,0.76,0.24,0.77,1770422903926,2050.85
0.23,0.76,0.24,0.77,1770422903931,2050.85
0.23,0.75,0.24,0.77,1770422905174,2051.54
0.23,0.75,0.25,0.77,1770422905175,2051.54
0.24,0.75,0.25,0.77,1770422905200,2051.54
0.24,0.75,0.25,0.76,1770422905203,2051.54
0.24,0.74,0.25,0.76,1770422905388,2051.79
0.24,0.74,0.26,0.76,1770422905410,2051.79
0.25,0.74,0.26,0.76,1770422905439,2051.79
0.25,0.74,0.26,0.75,1770422905452,2051.79
0.25,0.72,0.26,0.75,1770422909026,2052.97
0.25,0.72,0.28,0.75,1770422909051,2052.97
0.25,0.72,0.28,0.74,1770422909064,2052.97
0.27,0.72,0.28,0.73,1770422909075,2052.97
0.26,0.72,0.28,0.73,1770422910007,2053.62
0.26,0.72,0.28,0.74,1770422910009,2053.62
0.27,0.72,0.28,0.74,1770422910018,2053.62
0.27,0.72,0.28,0.73,1770422910032,2053.62
0.26,0.72,0.28,0.73,1770422910292,2053.48
0.26,0.72,0.28,0.74,1770422910293,2053.48
0.27,0.72,0.28,0.74,1770422910329,2053.48
0.27,0.72,0.28,0.73,1770422910330,2053.48
0.27,0.71,0.28,0.73,1770422911084,2053.48
0.27,0.71,0.29,0.73,1770422911100,2053.48
0.28,0.71,0.29,0.73,1770422911160,2053.48
0.28,0.71,0.29,0.72,1770422911165,2053.48
0.28,0.71,0.3,0.72,1770422912153,2054.69
0.28,0.7,0.3,0.72,1770422912163,2054.69
0.28,0.7,0.3,0.71,1770422912196,2054.69
0.29,0.7,0.3,0.71,1770422912198,2054.69
0.28,0.7,0.3,0.71,1770422913239,2054.58
0.28,0.7,0.3,0.72,1770422913240,2054.58
0.28,0.71,0.3,0.72,1770422913274,2054.58
0.28,0.71,0.29,0.72,1770422913277,2054.58
0.27,0.71,0.29,0.72,1770422914895,2054.44
0.27,0.71,0.29,0.73,1770422914896,2054.44
0.27,0.71,0.28,0.73,1770422914946,2054.44
0.27,0.72,0.28,0.73,1770422914947,2054.44
0.21,0.72,0.28,0.73,1770422915318,2050.0
0.21,0.72,0.28,0.79,1770422915319,2050.0
0.21,0.76,0.28,0.79,1770422915329,2050.0
0.21,0.76,0.24,0.79,1770422915330,2050.0
0.22,0.76,0.24,0.79,1770422915369,2050.0
0.22,0.76,0.24,0.78,1770422915370,2050.0
0.22,0.77,0.24,0.78,1770422915385,2050.0
0.22,0.77,0.23,0.78,1770422915390,2050.0
0.21,0.77,0.23,0.78,1770422916253,2049.43
0.21,0.77,0.23,0.79,1770422916254,2049.43
0.22,0.77,0.23,0.79,1770422916255,2049.43
0.22,0.77,0.23,0.78,1770422916256,2049.43
0.21,0.77,0.23,0.78,1770422916358,2049.43
0.21,0.77,0.23,0.79,1770422916388,2049.43
0.21,0.78,0.23,0.79,1770422916421,2049.43
0.21,0.78,0.22,0.79,1770422916432,2049.43
0.21,0.77,0.22,0.79,1770422916624,2049.43
0.21,0.77,0.23,0.79,1770422916627,2049.43
0.21,0.77,0.23,0.78,1770422916671,2049.43
0.22,0.77,0.23,0.78,1770422916672,2049.43
0.21,0.77,0.23,0.78,1770422917591,2049.84
0.21,0.77,0.23,0.79,1770422917601,2049.84
0.21,0.78,0.23,0.79,1770422917650,2049.84
0.21,0.78,0.22,0.79,1770422917658,2049.84
0.2,0.78,0.22,0.79,1770422918644,2049.7
0.2,0.78,0.22,0.8,1770422918645,2049.7
0.2,0.79,0.22,0.8,1770422918691,2049.7
0.2,0.79,0.21,0.8,1770422918727,2049.7
0.2,0.8,0.21,0.81,1770422924665,2048.6
0.19,0.8,0.2,0.81,1770422924668,2048.6
0.18,0.8,0.2,0.81,1770422924762,2048.6
0.18,0.8,0.2,0.82,1770422924773,2048.6
0.18,0.81,0.2,0.82,1770422924788,2048.6
0.18,0.81,0.19,0.82,1770422924789,2048.6
0.17,0.81,0.19,0.82,1770422925202,2048.6
0.17,0.81,0.19,0.83,1770422925203,2048.6
0.18,0.81,0.19,0.83,1770422925269,2048.03
0.18,0.81,0.19,0.82,1770422925270,2048.03
0.17,0.81,0.19,0.82,1770422925350,2048.03
0.17,0.81,0.19,0.83,1770422925351,2048.03
0.17,0.82,0.19,0.83,1770422925520,2048.03
0.17,0.82,0.18,0.83,1770422925525,2048.03
0.17,0.81,0.18,0.83,1770422925781,2048.03
0.17,0.81,0.19,0.83,1770422925782,2048.03
0.17,0.81,0.19,0.82,1770422925825,2048.03
0.18,0.81,0.19,0.82,1770422925826,2048.03
0.18,0.8,0.19,0.82,1770422925990,2048.03
0.18,0.8,0.2,0.82,1770422925997,2048.03
0.18,0.8,0.2,0.81,1770422926035,2048.03
0.19,0.8,0.2,0.81,1770422926036,2048.03
0.19,0.79,0.2,0.81,1770422926450,2049.1
0.19,0.79,0.21,0.81,1770422926451,2049.1
0.19,0.79,0.21,0.8,1770422926483,2049.1
0.2,0.79,0.21,0.8,1770422926491,2049.1
0.19,0.79,0.21,0.8,1770422927184,2049.1
0.19,0.79,0.21,0.81,1770422927185,2049.1
0.2,0.79,0.21,0.81,1770422927202,2049.1
0.2,0.79,0.21,0.8,1770422927207,2049.1
0.2,0.78,0.21,0.8,1770422927837,2049.9
0.2,0.78,0.22,0.8,1770422927844,2049.9
0.2,0.78,0.22,0.79,1770422927900,2049.9
0.21,0.78,0.22,0.79,1770422927914,2049.9
0.2,0.78,0.22,0.79,1770422928037,2049.9
0.2,0.78,0.22,0.8,1770422928038,2049.9
0.21,0.78,0.22,0.8,1770422928219,2049.9
0.21,0.78,0.22,0.79,1770422928220,2049.9
0.2,0.78,0.22,0.79,1770422928317,2049.9
0.2,0.78,0.22,0.8,1770422928318,2049.9
0.2,0.79,0.22,0.8,1770422928351,2049.9
0.2,0.79,0.21,0.8,1770422928354,2049.9
0.2,0.78,0.21,0.8,1770422929071,2049.9
0.2,0.78,0.22,0.8,1770422929099,2049.9
0.2,0.77,0.22,0.8,1770422929139,2049.9
0.2,0.77,0.23,0.8,1770422929140,2049.9
0.2,0.78,0.23,0.8,1770422929792,2049.66
0.2,0.78,0.22,0.8,1770422929793,2049.66
0.2,0.79,0.22,0.8,1770422929805,2049.66
0.2,0.79,0.21,0.8,1770422929806,2049.66
0.2,0.78,0.21,0.8,1770422929973,2049.66
0.2,0.78,0.22,0.8,1770422929974,2049.66
0.2,0.77,0.22,0.8,1770422930019,2049.66
0.2,0.77,0.23,0.8,1770422930035,2049.66
0.2,0.78,0.22,0.8,1770422930036,2049.66
0.2,0.78,0.22,0.79,1770422930100,2049.66
0.21,0.78,0.22,0.79,1770422930101,2049.66
0.21,0.77,0.22,0.79,1770422930117,2049.66
0.21,0.77,0.23,0.79,1770422930119,2049.66
0.21,0.78,0.23,0.79,1770422930644,2050.0
0.21,0.78,0.22,0.79,1770422930645,2050.0
0.21,0.77,0.22,0.79,1770422931144,2050.0
0.21,0.77,0.23,0.79,1770422931148,2050.0
0.21,0.78,0.23,0.79,1770422931237,2050.0
0.21,0.78,0.22,0.79,1770422931238,2050.0
0.2,0.78,0.22,0.79,1770422932046,2050.0
0.2,0.78,0.22,0.8,1770422932067,2050.0
0.2,0.79,0.22,0.8,1770422932086,2050.0
0.2,0.79,0.21,0.8,1770422932088,2050.0
0.2,0.78,0.21,0.8,1770422932116,2050.0
0.2,0.78,0.22,0.8,1770422932118,2050.0
0.21,0.78,0.22,0.8,1770422932262,2049.51
0.21,0.78,0.22,0.79,1770422932269,2049.51
0.21,0.77,0.22,0.79,1770422933093,2049.51
0.21,0.77,0.23,0.79,1770422933096,2049.51
0.22,0.77,0.23,0.79,1770422933288,2050.0
0.22,0.77,0.23,0.78,1770422933300,2050.0
0.21,0.77,0.23,0.78,1770422933400,2050.0
0.21,0.77,0.23,0.79,1770422933414,2050.0
0.22,0.77,0.23,0.79,1770422933424,2050.0
0.22,0.77,0.23,0.78,1770422933446,2050.0
0.21,0.77,0.23,0.78,1770422933537,2050.0
0.21,0.77,0.23,0.79,1770422933547,2050.0
0.21,0.78,0.23,0.79,1770422933989,2050.0
0.21,0.78,0.22,0.79,1770422934014,2050.0
0.21,0.77,0.22,0.79,1770422937924,2049.83
0.21,0.77,0.23,0.79,1770422937948,2049.83
0.22,0.77,0.23,0.79,1770422937976,2049.83
0.22,0.77,0.23,0.78,1770422937977,2049.83
0.21,0.77,0.23,0.78,1770422938478,2049.9
0.21,0.77,0.23,0.79,1770422938479,2049.9
0.21,0.78,0.23,0.79,1770422938519,2049.9
0.21,0.78,0.22,0.79,1770422938520,2049.9
0.21,0.77,0.22,0.79,1770422938731,2049.9
0.21,0.77,0.23,0.79,1770422938744,2049.9
0.22,0.77,0.23,0.79,1770422938781,2049.9
0.22,0.77,0.23,0.78,1770422938782,2049.9
0.21,0.77,0.23,0.78,1770422939008,2049.9
0.21,0.77,0.23,0.79,1770422939024,2049.9
0.21,0.78,0.23,0.79,1770422939054,2049.9
0.21,0.78,0.22,0.79,1770422939055,2049.9
0.21,0.77,0.22,0.79,1770422939079,2049.9
0.21,0.77,0.23,0.79,1770422939083,2049.9
0.22,0.77,0.23,0.79,1770422939229,2049.89
0.22,0.77,0.23,0.78,1770422939261,2049.89
0.21,0.77,0.23,0.78,1770422939583,2049.89
0.21,0.77,0.23,0.79,1770422939584,2049.89
0.22,0.77,0.23,0.79,1770422939681,2049.89
0.22,0.77,0.23,0.78,1770422939682,2049.89
0.21,0.77,0.23,0.78,1770422939778,2049.89
0.21,0.77,0.23,0.79,1770422939779,2049.89
0.21,0.77,0.23,0.78,1770422940142,2049.89
0.22,0.77,0.23,0.78,1770422940148,2049.89
0.22,0.77,0.23,0.79,1770422940170,2049.89
0.21,0.77,0.23,0.79,1770422940175,2049.89
0.21,0.77,0.23,0.78,1770422941901,2050.0
0.22,0.77,0.23,0.78,1770422941902,2050.0
0.22,0.77,0.23,0.79,1770422943277,2049.99
0.21,0.77,0.23,0.79,1770422943280,2049.99
0.22,0.77,0.23,0.79,1770422943281,2049.99
0.22,0.77,0.23,0.78,1770422943282,2049.99
0.22,0.75,0.23,0.78,1770422943666,2049.99
0.22,0.75,0.25,0.78,1770422943667,2049.99
0.23,0.75,0.25,0.78,1770422943676,2049.99
0.23,0.75,0.25,0.77,1770422943677,2049.99
0.23,0.75,0.25,0.76,1770422943721,2049.99
0.24,0.75,0.25,0.76,1770422943724,2049.99
0.24,0.74,0.25,0.76,1770422944870,2051.13
0.24,0.74,0.26,0.76,1770422944871,2051.13
0.24,0.74,0.26,0.75,1770422944922,2051.13
0.25,0.74,0.26,0.75,1770422944923,2051.13
0.24,0.74,0.26,0.75,1770422945290,2051.61
0.24,0.74,0.26,0.76,1770422945291,2051.61
0.25,0.74,0.26,0.76,1770422945386,2051.61
0.25,0.74,0.26,0.75,1770422945387,2051.61
0.24,0.74,0.26,0.75,1770422945845,2051.61
0.24,0.74,0.26,0.76,1770422945867,2051.61
0.25,0.74,0.26,0.76,1770422945875,2051.61
0.25,0.74,0.26,0.75,1770422945876,2051.61
0.24,0.74,0.26,0.75,1770422945978,2051.61
0.24,0.74,0.26,0.76,1770422945998,2051.61
0.24,0.75,0.26,0.76,1770422946216,2051.61
0.24,0.75,0.25,0.76,1770422946217,2051.61
0.23,0.75,0.25,0.76,1770422946637,2051.73
0.23,0.75,0.25,0.77,1770422946639,2051.73
0.23,0.76,0.25,0.77,1770422946817,2051.73
0.23,0.76,0.24,0.77,1770422946818,2051.73
0.22,0.76,0.24,0.77,1770422948384,2050.91
0.22,0.76,0.24,0.78,1770422948402,2050.91
0.22,0.77,0.24,0.78,1770422948523,2050.91
0.22,0.77,0.23,0.78,1770422948546,2050.91
0.22,0.76,0.23,0.78,1770422949075,2050.91
0.22,0.76,0.24,0.78,1770422949076,2050.91
0.23,0.76,0.24,0.78,1770422949207,2050.91
0.23,0.76,0.24,0.77,1770422949208,2050.91
0.21,0.76,0.24,0.77,1770422954506,2049.1
0.21,0.77,0.24,0.79,1770422954530,2049.1
0.21,0.77,0.23,0.79,1770422954531,2049.1
0.21,0.78,0.23,0.79,1770422954556,2049.1
0.21,0.78,0.22,0.79,1770422954557,2049.1
0.21,0.77,0.22,0.79,1770422955365,2049.06
0.21,0.77,0.23,0.79,1770422955375,2049.06
0.22,0.77,0.23,0.78,1770422955402,2049.06
0.21,0.77,0.23,0.78,1770422955858,2049.06
0.21,0.77,0.23,0.79,1770422955859,2049.06
0.22,0.77,0.23,0.79,1770422955945,2049.06
0.22,0.77,0.23,0.78,1770422955956,2049.06
0.21,0.77,0.23,0.78,1770422955997,2049.06
0.22,0.77,0.23,0.79,1770422956021,2049.06
0.22,0.77,0.23,0.78,1770422956022,2049.06
0.21,0.77,0.23,0.78,1770422956297,2049.6
0.21,0.77,0.23,0.79,1770422956320,2049.6
0.21,0.78,0.23,0.79,1770422957180,2049.6
0.21,0.78,0.22,0.79,1770422957204,2049.6
0.21,0.77,0.22,0.79,1770422960160,2049.6
0.21,0.77,0.23,0.79,1770422960163,2049.6
0.22,0.77,0.23,0.79,1770422960180,2049.6
0.22,0.77,0.23,0.78,1770422960181,2049.6
0.22,0.76,0.23,0.78,1770422960187,2049.6
0.22,0.77,0.24,0.78,1770422960188,2049.6
0.22,0.77,0.23,0.78,1770422960189,2049.6
0.22,0.76,0.23,0.78,1770422961144,2050.06
0.22,0.76,0.24,0.78,1770422961145,2050.06
0.22,0.76,0.24,0.77,1770422961180,2050.06
0.23,0.76,0.24,0.77,1770422961182,2050.06
0.23,0.77,0.24,0.78,1770422973847,2051.21
0.22,0.77,0.23,0.78,1770422973848,2051.21
0.23,0.77,0.24,0.78,1770422977052,2050.6
0.23,0.76,0.24,0.77,1770422977053,2050.6
0.23,0.77,0.24,0.8,1770422992826,2049.84
0.2,0.77,0.23,0.8,1770422992841,2049.84
0.2,0.78,0.23,0.8,1770422992844,2049.84
0.2,0.78,0.22,0.8,1770422992846,2049.84
0.2,0.79,0.22,0.8,1770422992992,2049.84
0.2,0.79,0.21,0.8,1770422992997,2049.84
0.2,0.78,0.21,0.8,1770422993243,2049.05
0.2,0.78,0.22,0.8,1770422993271,2049.05
0.2,0.79,0.22,0.8,1770422993439,2049.05
0.2,0.79,0.21,0.8,1770422993457,2049.05
0.2,0.78,0.21,0.8,1770422993548,2049.05
0.2,0.78,0.22,0.8,1770422993575,2049.05
0.21,0.78,0.22,0.8,1770422993591,2049.05
0.21,0.78,0.22,0.79,1770422993593,2049.05
0.2,0.78,0.22,0.79,1770422993604,2049.05
0.2,0.78,0.22,0.8,1770422993619,2049.05
0.21,0.78,0.22,0.8,1770422994082,2049.05
0.21,0.78,0.22,0.79,1770422994101,2049.05
0.2,0.78,0.22,0.79,1770422994114,2049.05
0.2,0.78,0.22,0.8,1770422994115,2049.05
0.2,0.78,0.22,0.79,1770422994120,2049.05
0.21,0.78,0.22,0.79,1770422994122,2049.05
0.21,0.77,0.22,0.79,1770422994163,2049.05
0.21,0.77,0.23,0.79,1770422994164,2049.05
0.21,0.77,0.23,0.78,1770422994790,2049.29
0.22,0.77,0.23,0.78,1770422994791,2049.29
0.21,0.77,0.23,0.78,1770422995131,2049.29
0.21,0.77,0.23,0.79,1770422995138,2049.29
0.21,0.78,0.23,0.79,1770422995262,2049.84
0.21,0.78,0.22,0.79,1770422995263,2049.84
0.21,0.77,0.22,0.79,1770422997360,2049.8
0.21,0.77,0.23,0.79,1770422997431,2049.8
0.21,0.78,0.23,0.79,1770422997588,2049.8
0.21,0.78,0.22,0.79,1770422997594,2049.8
0.2,0.78,0.22,0.79,1770422997680,2049.8
0.2,0.78,0.22,0.8,1770422997682,2049.8
0.2,0.79,0.22,0.8,1770422998622,2049.25
0.2,0.79,0.21,0.8,1770422998641,2049.25
0.2,0.78,0.21,0.8,1770422998747,2049.25
0.2,0.78,0.22,0.8,1770422998748,2049.25
0.2,0.79,0.22,0.8,1770422998849,2049.25
0.2,0.79,0.21,0.8,1770422998850,2049.25
0.18,0.79,0.21,0.8,1770422999383,2047.85
0.18,0.79,0.21,0.82,1770422999384,2047.85
0.19,0.79,0.21,0.82,1770422999416,2047.85
0.19,0.8,0.21,0.81,1770422999419,2047.85
0.19,0.8,0.2,0.81,1770422999422,2047.85
0.18,0.8,0.2,0.81,1770422999776,2047.85
0.18,0.8,0.2,0.82,1770422999791,2047.85
0.18,0.81,0.2,0.82,1770422999842,2047.85
0.18,0.81,0.19,0.82,1770422999848,2047.85
0.18,0.8,0.19,0.82,1770422999988,2047.85
0.19,0.8,0.2,0.82,1770422999992,2047.85
0.19,0.8,0.2,0.81,1770422999997,2047.85
0.19,0.79,0.2,0.81,1770423000280,2048.0
0.19,0.79,0.21,0.81,1770423000292,2048.0
0.2,0.79,0.21,0.81,1770423000321,2048.0
0.2,0.79,0.21,0.8,1770423000322,2048.0
0.2,0.78,0.21,0.8,1770423001129,2048.0
0.2,0.78,0.22,0.8,1770423001133,2048.0
0.2,0.79,0.22,0.8,1770423001394,2048.8
0.2,0.79,0.21,0.8,1770423001397,2048.8
0.21,0.79,0.23,0.8,1770423008870,2049.02
0.21,0.77,0.23,0.79,1770423008871,2049.02
0.21,0.77,0.23,0.78,1770423009341,2050.1
0.22,0.77,0.23,0.78,1770423009353,2050.1
0.23,0.77,0.25,0.78,1770423012638,2051.0
0.23,0.75,0.25,0.77,1770423012639,2051.0
0.23,0.75,0.25,0.76,1770423012678,2051.0
0.24,0.75,0.25,0.76,1770423012685,2051.0
0.23,0.75,0.25,0.76,1770423014007,2051.2
0.23,0.75,0.25,0.77,1770423014008,2051.2
0.23,0.76,0.25,0.77,1770423014046,2051.2
0.23,0.76,0.24,0.77,1770423014047,2051.2
0.23,0.75,0.24,0.77,1770423015382,2051.16
0.23,0.75,0.25,0.77,1770423015384,2051.16
0.23,0.75,0.25,0.76,1770423015420,2051.16
0.24,0.75,0.25,0.76,1770423015427,2051.16
0.23,0.75,0.25,0.76,1770423025293,2050.74
0.23,0.75,0.25,0.77,1770423025294,2050.74
0.23,0.76,0.25,0.77,1770423025334,2050.74
0.23,0.76,0.24,0.77,1770423025335,2050.74
0.22,0.76,0.24,0.77,1770423026626,2050.69
0.22,0.76,0.24,0.78,1770423026646,2050.69
0.22,0.77,0.24,0.78,1770423026725,2050.69
0.22,0.77,0.23,0.78,1770423026758,2050.69
0.22,0.76,0.23,0.78,1770423026849,2050.69
0.22,0.76,0.24,0.78,1770423026850,2050.69
0.22,0.77,0.24,0.78,1770423027112,2050.69
0.22,0.77,0.23,0.78,1770423027113,2050.69
0.22,0.76,0.23,0.78,1770423028255,2050.1
0.22,0.76,0.24,0.78,1770423028265,2050.1
0.22,0.77,0.24,0.78,1770423028559,2050.1
0.22,0.77,0.23,0.78,1770423028560,2050.1
0.22,0.77,0.23,0.79,1770423030115,2050.19
0.21,0.77,0.23,0.79,1770423030121,2050.19
0.21,0.78,0.23,0.79,1770423030141,2050.19
0.21,0.78,0.22,0.79,1770423030145,2050.19
0.21,0.79,0.22,0.8,1770423033764,2048.86
0.2,0.79,0.21,0.8,1770423033765,2048.86
0.2,0.78,0.21,0.8,1770423033831,2048.86
0.2,0.78,0.22,0.8,1770423033840,2048.86
0.21,0.78,0.22,0.8,1770423034466,2049.36
0.21,0.78,0.22,0.79,1770423034470,2049.36
0.21,0.77,0.22,0.79,1770423035407,2049.7
0.21,0.77,0.23,0.79,1770423035410,2049.7
0.21,0.78,0.23,0.79,1770423035481,2049.7
0.21,0.78,0.22,0.79,1770423035482,2049.7
0.21,0.77,0.22,0.79,1770423036134,2049.7
0.21,0.77,0.23,0.79,1770423036156,2049.7
0.21,0.78,0.23,0.79,1770423036210,2049.7
0.21,0.78,0.22,0.79,1770423036219,2049.7
0.21,0.77,0.22,0.79,1770423036334,2049.86
0.21,0.77,0.23,0.79,1770423036335,2049.86
0.21,0.77,0.23,0.78,1770423036410,2049.86
0.22,0.77,0.23,0.78,1770423036417,2049.86
0.22,0.76,0.23,0.78,1770423039707,2050.4
0.22,0.76,0.24,0.78,1770423039708,2050.4
0.22,0.76,0.24,0.77,1770423039968,2050.4
0.23,0.76,0.24,0.77,1770423039990,2050.4
0.23,0.76,0.24,0.78,1770423040069,2050.4
0.22,0.76,0.24,0.78,1770423040070,2050.4
0.22,0.77,0.24,0.78,1770423040715,2050.67
0.22,0.77,0.23,0.78,1770423040718,2050.67
0.22,0.76,0.23,0.78,1770423042222,2050.54
0.22,0.76,0.24,0.78,1770423042247,2050.54
0.22,0.76,0.24,0.77,1770423042322,2050.54
0.23,0.76,0.24,0.77,1770423042360,2050.54
0.23,0.77,0.24,0.78,1770423046204,2050.8
0.22,0.77,0.23,0.78,1770423046225,2050.05
0.21,0.77,0.23,0.78,1770423046443,2050.05
0.21,0.77,0.23,0.79,1770423046444,2050.05
0.21,0.78,0.23,0.79,1770423046494,2050.05
0.21,0.78,0.22,0.79,1770423046511,2050.05
0.21,0.77,0.22,0.79,1770423046650,2050.05
0.21,0.78,0.23,0.79,1770423046673,2050.05
0.21,0.78,0.22,0.79,1770423046691,2050.05
0.21,0.77,0.22,0.79,1770423046793,2050.05
0.21,0.77,0.23,0.79,1770423046794,2050.05
0.22,0.77,0.23,0.79,1770423047192,2050.05
0.22,0.77,0.23,0.78,1770423047196,2050.05
0.21,0.77,0.23,0.78,1770423047218,2049.94
0.21,0.77,0.23,0.79,1770423047219,2049.94
0.22,0.77,0.23,0.79,1770423047693,2049.94
0.22,0.77,0.23,0.78,1770423047715,2049.94
0.21,0.77,0.23,0.78,1770423047915,2049.94
0.21,0.77,0.23,0.79,1770423047923,2049.94
0.21,0.77,0.23,0.78,1770423048137,2049.94
0.22,0.77,0.23,0.78,1770423048138,2049.94
0.22,0.77,0.23,0.79,1770423048304,2049.94
0.21,0.77,0.23,0.79,1770423048305,2049.94
0.22,0.77,0.23,0.79,1770423048698,2049.94
0.22,0.77,0.23,0.78,1770423048699,2049.94
0.21,0.77,0.23,0.78,1770423048912,2049.94
0.21,0.77,0.23,0.79,1770423048949,2049.94
0.22,0.77,0.23,0.79,1770423049199,2049.94
0.22,0.77,0.23,0.78,1770423049200,2049.94
0.21,0.77,0.23,0.78,1770423049241,2049.94
0.21,0.77,0.23,0.79,1770423049242,2049.94
0.22,0.77,0.23,0.79,1770423049702,2049.94
0.22,0.77,0.23,0.78,1770423049704,2049.94
0.21,0.77,0.23,0.78,1770423049867,2049.94
0.21,0.77,0.23,0.79,1770423049890,2049.94
0.22,0.77,0.23,0.79,1770423050202,2049.94
0.22,0.77,0.23,0.78,1770423050204,2049.94
0.21,0.77,0.23,0.78,1770423050227,2049.94
0.21,0.77,0.23,0.79,1770423050228,2049.94
0.21,0.78,0.23,0.79,1770423050425,2049.94
0.21,0.78,0.22,0.79,1770423050456,2049.94
0.21,0.77,0.22,0.79,1770423050550,2049.94
0.21,0.77,0.23,0.79,1770423050573,2049.94
0.22,0.77,0.23,0.79,1770423050705,2049.94
0.22,0.77,0.23,0.78,1770423050707,2049.94
0.21,0.77,0.23,0.78,1770423050779,2049.94
0.21,0.77,0.23,0.79,1770423050780,2049.94
0.22,0.77,0.23,0.79,1770423051206,2049.94
0.22,0.77,0.23,0.78,1770423051211,2049.94
0.21,0.77,0.23,0.78,1770423051403,2049.93
0.21,0.77,0.23,0.79,1770423051411,2049.93
0.22,0.77,0.23,0.79,1770423051717,2049.93
0.22,0.77,0.23,0.78,1770423051725,2049.93
0.21,0.77,0.23,0.78,1770423051932,2049.93
0.21,0.77,0.23,0.79,1770423051933,2049.93
0.22,0.77,0.23,0.79,1770423052206,2049.94
0.22,0.77,0.23,0.78,1770423052207,2049.94
0.21,0.77,0.23,0.78,1770423052248,2049.94
0.21,0.77,0.23,0.79,1770423052249,2049.94
0.22,0.77,0.23,0.79,1770423052720,2049.94
0.22,0.77,0.23,0.78,1770423052721,2049.94
0.21,0.77,0.23,0.78,1770423052930,2049.94
0.21,0.77,0.23,0.79,1770423052931,2049.94
0.22,0.77,0.23,0.79,1770423053216,2049.94
0.22,0.77,0.23,0.78,1770423053229,2049.94
0.21,0.77,0.23,0.78,1770423053245,2049.94
0.21,0.77,0.23,0.79,1770423053310,2049.94
0.22,0.77,0.23,0.79,1770423053710,2049.94
0.22,0.77,0.23,0.78,1770423053713,2049.94
0.22,0.76,0.23,0.78,1770423058168,2049.99
0.22,0.76,0.24,0.78,1770423058169,2049.99
0.23,0.76,0.24,0.78,1770423058223,2049.99
0.23,0.76,0.24,0.77,1770423058245,2050.36
0.22,0.76,0.24,0.77,1770423058246,2050.36
0.22,0.76,0.24,0.78,1770423058247,2050.36
0.23,0.76,0.24,0.78,1770423058277,2050.36
0.23,0.76,0.24,0.77,1770423058278,2050.36
0.22,0.76,0.24,0.77,1770423058366,2050.36
0.22,0.76,0.24,0.78,1770423058369,2050.36
0.23,0.76,0.24,0.78,1770423058731,2050.36
0.23,0.76,0.24,0.77,1770423058732,2050.36
0.22,0.76,0.24,0.77,1770423058828,2050.36
0.22,0.76,0.24,0.78,1770423058829,2050.36
0.23,0.76,0.24,0.78,1770423059230,2050.36
0.23,0.76,0.24,0.77,1770423059231,2050.36
0.22,0.76,0.24,0.77,1770423059257,2050.36
0.22,0.76,0.24,0.78,1770423059258,2050.36
0.22,0.77,0.24,0.78,1770423059522,2050.36
0.22,0.77,0.23,0.78,1770423059523,2050.36
0.22,0.76,0.23,0.78,1770423061937,2050.08
0.22,0.76,0.24,0.78,1770423061940,2050.08
0.22,0.76,0.24,0.77,1770423061974,2050.08
0.23,0.76,0.24,0.77,1770423062008,2050.08
0.23,0.76,0.24,0.78,1770423062668,2050.73
0.22,0.76,0.24,0.78,1770423062669,2050.73
0.23,0.76,0.24,0.78,1770423062734,2050.73
0.23,0.76,0.24,0.77,1770423062736,2050.73
0.22,0.76,0.24,0.77,1770423063450,2050.99
0.22,0.76,0.24,0.78,1770423063452,2050.99
0.22,0.77,0.24,0.78,1770423063674,2050.99
0.22,0.77,0.23,0.78,1770423063698,2050.99
0.22,0.76,0.23,0.78,1770423063851,2050.99
0.22,0.76,0.24,0.78,1770423063859,2050.99
0.22,0.76,0.24,0.77,1770423063888,2050.99
0.23,0.76,0.24,0.77,1770423063897,2050.99
0.23,0.76,0.24,0.78,1770423063918,2050.99
0.22,0.76,0.24,0.78,1770423063920,2050.99
0.22,0.76,0.23,0.78,1770423063929,2050.99
0.22,0.77,0.23,0.78,1770423063946,2050.99
0.22,0.76,0.23,0.78,1770423067071,2049.95
0.22,0.76,0.24,0.78,1770423067072,2049.95
0.22,0.76,0.24,0.77,1770423067107,2049.95
0.23,0.76,0.24,0.77,1770423067108,2049.95
0.23,0.76,0.24,0.78,1770423067167,2049.95
0.22,0.76,0.24,0.78,1770423067177,2049.95
0.22,0.77,0.24,0.78,1770423067280,2050.75
0.22,0.77,0.23,0.78,1770423067281,2050.75
0.23,0.77,0.24,0.78,1770423075956,2051.19
0.23,0.76,0.24,0.77,1770423075957,2051.19
0.23,0.75,0.24,0.77,1770423076018,2051.19
0.23,0.75,0.25,0.77,1770423076022,2051.19
0.23,0.75,0.25,0.76,1770423076062,2051.19
0.24,0.75,0.25,0.76,1770423076070,2051.19
0.23,0.75,0.25,0.76,1770423076603,2051.65
0.23,0.75,0.25,0.77,1770423076604,2051.65
0.24,0.75,0.25,0.77,1770423078643,2051.7
0.24,0.75,0.25,0.76,1770423078646,2051.7
0.24,0.76,0.25,0.77,1770423086837,2051.95
0.23,0.76,0.24,0.77,1770423086842,2051.95
0.23,0.76,0.24,0.78,1770423087031,2051.95
0.22,0.76,0.24,0.78,1770423087032,2051.95
0.22,0.77,0.24,0.78,1770423087088,2051.95
0.22,0.77,0.23,0.78,1770423087089,2051.95
0.22,0.77,0.24,0.78,1770423088355,2050.56
0.22,0.76,0.24,0.78,1770423088382,2050.56
0.22,0.77,0.24,0.78,1770423088669,2050.56
0.22,0.77,0.23,0.78,1770423088671,2050.56
0.22,0.77,0.24,0.78,1770423090359,2050.29
0.22,0.76,0.24,0.78,1770423090360,2050.29
0.22,0.76,0.24,0.77,1770423090973,2050.29
0.23,0.76,0.24,0.77,1770423090974,2050.29
0.23,0.75,0.24,0.77,1770423092965,2051.09
0.23,0.75,0.25,0.77,1770423092976,2051.09
0.23,0.75,0.25,0.76,1770423093300,2051.48
0.24,0.75,0.25,0.76,1770423093310,2051.48
0.23,0.75,0.25,0.76,1770423093691,2051.48
0.23,0.75,0.25,0.77,1770423093692,2051.48
0.23,0.76,0.25,0.77,1770423093717,2051.48
0.23,0.76,0.24,0.77,1770423093718,2051.48
0.23,0.75,0.24,0.77,1770423094092,2051.48
0.23,0.75,0.25,0.77,1770423094094,2051.48
0.23,0.75,0.24,0.77,1770423094203,2051.48
0.23,0.76,0.24,0.77,1770423094204,2051.48
0.23,0.76,0.25,0.77,1770423094342,2051.49
0.23,0.75,0.25,0.77,1770423094366,2051.49
0.23,0.75,0.25,0.76,1770423094392,2051.49
0.24,0.75,0.25,0.76,1770423094409,2051.49
0.23,0.75,0.25,0.76,1770423095275,2051.79
0.23,0.75,0.25,0.77,1770423095276,2051.79
0.23,0.76,0.25,0.77,1770423095301,2051.79
0.23,0.76,0.24,0.77,1770423095302,2051.79
0.23,0.76,0.25,0.77,1770423096298,2051.28
0.23,0.75,0.25,0.77,1770423096299,2051.28
0.23,0.76,0.25,0.77,1770423096332,2051.28
0.23,0.76,0.24,0.77,1770423096333,2051.28
0.23,0.75,0.24,0.77,1770423097842,2051.29
0.23,0.75,0.25,0.77,1770423097843,2051.29
0.23,0.75,0.24,0.77,1770423099229,2051.29
0.23,0.76,0.24,0.77,1770423099230,2051.29
0.23,0.76,0.25,0.77,1770423099344,2051.28
0.23,0.75,0.25,0.77,1770423099351,2051.28
0.23,0.75,0.25,0.76,1770423099377,2051.28
0.24,0.75,0.25,0.76,1770423099378,2051.28
0.24,0.75,0.25,0.77,1770423099408,2051.28
0.23,0.75,0.25,0.77,1770423099410,2051.28
0.23,0.75,0.24,0.77,1770423099453,2051.28
0.23,0.76,0.24,0.77,1770423099454,2051.28
0.22,0.76,0.24,0.77,1770423099470,2051.28
0.22,0.76,0.24,0.78,1770423099471,2051.28
0.22,0.76,0.23,0.78,1770423099527,2051.28
0.22,0.77,0.23,0.78,1770423099528,2051.28
0.22,0.77,0.24,0.78,1770423099556,2051.28
0.22,0.76,0.24,0.78,1770423099560,2051.28
0.22,0.77,0.24,0.78,1770423099621,2051.28
0.22,0.77,0.23,0.78,1770423099622,2051.28
0.21,0.77,0.23,0.78,1770423104363,2050.09
0.21,0.77,0.23,0.79,1770423104374,2050.09
0.21,0.78,0.23,0.79,1770423107458,2050.26
0.21,0.78,0.22,0.79,1770423107472,2050.26
0.21,0.77,0.22,0.79,1770423108628,2049.95
0.21,0.77,0.23,0.79,1770423108629,2049.95
0.21,0.78,0.23,0.79,1770423111559,2050.26
0.21,0.78,0.22,0.79,1770423111560,2050.26
0.2,0.78,0.22,0.79,1770423111615,2050.26
0.2,0.78,0.22,0.8,1770423111616,2050.26
0.2,0.79,0.22,0.8,1770423111874,2050.26
0.2,0.79,0.21,0.8,1770423111906,2050.26
0.2,0.78,0.21,0.8,1770423112000,2050.26
0.2,0.79,0.22,0.8,1770423112017,2050.26
0.2,0.79,0.21,0.8,1770423112023,2050.26
0.2,0.8,0.21,0.81,1770423115909,2049.45
0.19,0.8,0.2,0.81,1770423115910,2049.45
0.18,0.8,0.2,0.81,1770423120834,2048.52
0.18,0.8,0.2,0.82,1770423120835,2048.52
0.19,0.8,0.2,0.82,1770423120865,2048.52
0.19,0.8,0.2,0.81,1770423120874,2048.52
0.18,0.8,0.2,0.81,1770423120884,2048.52
0.18,0.8,0.2,0.82,1770423120905,2048.52
0.18,0.81,0.2,0.82,1770423120909,2048.52
0.18,0.81,0.19,0.82,1770423120914,2048.52
0.18,0.8,0.19,0.82,1770423120922,2048.52
0.18,0.8,0.2,0.82,1770423120923,2048.52
0.19,0.8,0.2,0.82,1770423121002,2048.52
0.19,0.8,0.2,0.81,1770423121008,2048.52
0.19,0.79,0.2,0.81,1770423121781,2048.37
0.19,0.79,0.21,0.81,1770423121782,2048.37
0.19,0.8,0.21,0.81,1770423122632,2048.77
0.19,0.8,0.2,0.81,1770423122633,2048.77
0.19,0.79,0.2,0.81,1770423123623,2048.69
0.19,0.79,0.21,0.81,1770423123628,2048.69
0.2,0.79,0.21,0.81,1770423123868,2048.69
0.2,0.79,0.21,0.8,1770423123869,2048.69
0.19,0.79,0.21,0.8,1770423124007,2048.69
0.19,0.79,0.21,0.81,1770423124009,2048.69
0.19,0.8,0.21,0.81,1770423124564,2048.95
0.19,0.8,0.2,0.81,1770423124570,2048.95
0.2,0.8,0.21,0.81,1770423126881,2048.8
0.2,0.79,0.21,0.8,1770423126882,2048.8
0.19,0.79,0.21,0.8,1770423126930,2048.8
0.19,0.79,0.21,0.81,1770423126939,2048.8
0.19,0.79,0.21,0.8,1770423127280,2048.89
0.2,0.79,0.21,0.8,1770423127281,2048.89
0.2,0.78,0.21,0.8,1770423127399,2048.89
0.2,0.78,0.22,0.8,1770423127402,2048.89
0.2,0.78,0.22,0.79,1770423128306,2049.28
0.21,0.78,0.22,0.79,1770423128311,2049.28
0.21,0.77,0.22,0.79,1770423128349,2049.28
0.21,0.77,0.23,0.79,1770423128350,2049.28
0.21,0.77,0.23,0.78,1770423128897,2049.28
0.22,0.77,0.23,0.78,1770423128898,2049.28
0.22,0.76,0.23,0.78,1770423128952,2049.28
0.22,0.76,0.24,0.78,1770423128954,2049.28
0.22,0.77,0.24,0.78,1770423129400,2050.48
0.22,0.77,0.23,0.78,1770423129401,2050.48
0.22,0.76,0.23,0.78,1770423129426,2050.48
0.22,0.76,0.24,0.78,1770423129427,2050.48
0.22,0.77,0.24,0.78,1770423129878,2050.48
0.22,0.77,0.23,0.78,1770423129892,2050.48
0.22,0.76,0.23,0.78,1770423130002,2050.48
0.22,0.76,0.24,0.78,1770423130023,2050.48
0.22,0.76,0.23,0.78,1770423130140,2050.48
0.22,0.77,0.23,0.78,1770423130141,2050.48
0.22,0.77,0.24,0.78,1770423130401,2050.67
0.22,0.76,0.24,0.78,1770423130443,2050.67
0.22,0.77,0.24,0.78,1770423130745,2050.67
0.22,0.77,0.23,0.78,1770423130747,2050.67
0.21,0.77,0.23,0.78,1770423131165,2050.67
0.21,0.77,0.23,0.79,1770423131166,2050.67
0.21,0.78,0.23,0.79,1770423131274,2050.24
0.21,0.78,0.22,0.79,1770423131366,2050.24
0.21,0.77,0.22,0.79,1770423131398,2050.24
0.21,0.77,0.23,0.79,1770423131414,2050.24
0.21,0.78,0.23,0.79,1770423131570,2050.24
0.21,0.78,0.22,0.79,1770423131592,2050.24
0.21,0.78,0.22,0.8,1770423132219,2050.24
0.2,0.78,0.22,0.8,1770423132221,2050.24
0.2,0.78,0.22,0.79,1770423132259,2049.97
0.21,0.78,0.22,0.79,1770423132260,2049.97
0.21,0.76,0.22,0.79,1770423132373,2049.97
0.21,0.76,0.24,0.79,1770423132374,2049.97
0.21,0.78,0.24,0.79,1770423132375,2049.97
0.21,0.78,0.22,0.79,1770423132376,2049.97
0.21,0.76,0.22,0.79,1770423132745,2049.97
0.21,0.76,0.24,0.79,1770423132746,2049.97
0.22,0.76,0.24,0.79,1770423132761,2049.97
0.22,0.76,0.24,0.78,1770423132762,2049.97
0.22,0.75,0.24,0.78,1770423132845,2049.97
0.22,0.75,0.25,0.78,1770423132847,2049.97
0.23,0.75,0.25,0.78,1770423132848,2049.97
0.23,0.75,0.25,0.77,1770423132864,2049.97
0.22,0.75,0.25,0.77,1770423132872,2049.97
0.22,0.75,0.25,0.78,1770423132878,2049.97
0.23,0.75,0.25,0.78,1770423133346,2051.58
0.23,0.75,0.25,0.77,1770423133361,2051.58
0.24,0.75,0.25,0.77,1770423133548,2051.58
0.24,0.75,0.25,0.76,1770423133549,2051.58
0.24,0.74,0.25,0.76,1770423135613,2052.98
0.24,0.74,0.26,0.76,1770423135614,2052.98
0.25,0.74,0.26,0.76,1770423135622,2052.98
0.25,0.74,0.26,0.75,1770423135624,2052.98
0.25,0.73,0.26,0.75,1770423137726,2053.2
0.25,0.73,0.27,0.75,1770423137728,2053.2
0.26,0.73,0.27,0.75,1770423137739,2053.2
0.26,0.73,0.27,0.74,1770423137746,2053.2
0.26,0.73,0.28,0.74,1770423137788,2053.2
0.26,0.72,0.28,0.74,1770423137790,2053.2
0.27,0.72,0.28,0.74,1770423137791,2053.2
0.27,0.72,0.28,0.73,1770423137792,2053.2
0.27,0.71,0.28,0.73,1770423138004,2053.2
0.27,0.71,0.29,0.73,1770423138005,2053.2
0.27,0.72,0.29,0.73,1770423138061,2053.2
0.27,0.72,0.28,0.73,1770423138062,2053.2
0.26,0.72,0.28,0.73,1770423140697,2053.33
0.26,0.72,0.28,0.74,1770423140699,2053.33
0.26,0.73,0.28,0.74,1770423140723,2053.33
0.26,0.73,0.27,0.74,1770423140724,2053.33
0.25,0.73,0.27,0.74,1770423141785,2053.07
0.25,0.73,0.27,0.75,1770423141792,2053.07
0.25,0.74,0.27,0.75,1770423141812,2053.07
0.25,0.74,0.26,0.75,1770423141822,2053.07
0.25,0.75,0.26,0.77,1770423147610,2051.71
0.23,0.75,0.25,0.77,1770423147611,2051.71
0.23,0.76,0.25,0.77,1770423147639,2051.71
0.23,0.76,0.24,0.77,1770423147645,2051.71
0.23,0.75,0.24,0.77,1770423147878,2051.71
0.24,0.75,0.25,0.77,1770423147899,2051.71
0.24,0.75,0.25,0.76,1770423147900,2051.71
0.25,0.75,0.26,0.76,1770423148317,2052.11
0.25,0.74,0.26,0.75,1770423148325,2052.11
0.25,0.73,0.26,0.75,1770423149779,2052.1
0.25,0.73,0.27,0.75,1770423149786,2052.1
0.26,0.73,0.27,0.75,1770423149827,2052.1
0.26,0.73,0.27,0.74,1770423149828,2052.1
0.26,0.72,0.27,0.74,1770423149920,2052.1
0.26,0.72,0.28,0.74,1770423149921,2052.1
0.27,0.72,0.28,0.74,1770423149967,2052.1
0.27,0.72,0.28,0.73,1770423149973,2052.1
0.28,0.72,0.3,0.73,1770423152946,2053.57
0.28,0.7,0.3,0.72,1770423152949,2053.57
0.29,0.7,0.3,0.72,1770423152987,2053.57
0.29,0.7,0.3,0.71,1770423152988,2053.57
0.28,0.7,0.3,0.71,1770423155301,2054.74
0.28,0.7,0.3,0.72,1770423155302,2054.74
0.28,0.71,0.3,0.72,1770423155328,2054.51
0.28,0.71,0.29,0.72,1770423155341,2054.51
0.27,0.71,0.29,0.72,1770423157260,2054.02
0.27,0.71,0.29,0.73,1770423157281,2054.02
0.27,0.72,0.29,0.73,1770423157855,2054.02
0.27,0.72,0.28,0.73,1770423157857,2054.02
0.27,0.73,0.28,0.74,1770423161771,2053.6
0.26,0.73,0.27,0.74,1770423161795,2053.6
0.26,0.72,0.27,0.74,1770423168507,2054.33
0.26,0.72,0.28,0.74,1770423168508,2054.33
0.27,0.72,0.28,0.74,1770423168537,2054.33
0.27,0.72,0.28,0.73,1770423168538,2054.33
0.25,0.72,0.28,0.73,1770423173585,2052.96
0.25,0.72,0.28,0.75,1770423173586,2052.96
0.25,0.73,0.28,0.75,1770423173623,2052.96
0.25,0.73,0.27,0.75,1770423173624,2052.96
0.25,0.74,0.27,0.75,1770423174020,2052.96
0.25,0.74,0.26,0.75,1770423174021,2052.96
0.25,0.73,0.26,0.75,1770423174206,2052.96
0.25,0.74,0.26,0.75,1770423174226,2052.96
